4860 5940
1034 284 1369 353 „9-

331 464 446 550 vine,
473 463 517 538 in
543 488 622 538 rem
650 459 857 536 exstantem
891 448 1102 558 prodierim
1141 458 1189 533 nd
1221 462 1403 534 elemento
1438 485 1565 533 rerum
1601 458 1698 536 istud
1734 478 1847 559 utque
1883 466 2084 539 materiam

331 581 450 657 refert
474 584 697 681 personatus
724 584 789 655 ille
816 582 1144 667 Snnchuniathon,
1173 580 1275 677 quast
1303 582 1344 652 in
1383 580 1498 653 semet
1525 580 1605 676 ipsa
1634 583 1698 653 ille
1726 581 1930 668 redierint,
1971 602 2083 680 atque

333 702 514 777 converse
550 702 593 776 in
632 704 688 789 se,
728 727 855 773 rerum
882 697 966 774 istas
994 700 1137 773 formas
1166 698 1414 773 confecerint.
1443 692 1496 791 ²²)
1549 702 1649 785 Aut,
1701 702 1884 795 quoniam
1922 727 2009 772 vere
2049 702 2083 775 is

331 822 629 896 materialismus
669 820 912 917 quorundum
946 822 990 892 in
1027 846 1069 891 ea
1105 818 1230 891 schola
1258 816 1472 903 exstitissem
1508 837 1594 904 etit,
1640 820 1825 915 quoniam
1865 824 1979 916 (quoe
2005 837 2084 892 eret

333 940 542 1014 hominum
570 941 723 1038 opinio)
751 941 881 1011 minus
909 937 1084 1012 sublimis
1112 920 1317 1010 sententiae
1344 938 1452 1011 locus
1478 940 1684 1023 videretur,
1712 941 1804 1011 dum
1826 938 2084 1039 impugnandi

334 1056 452 1133 essent
478 1085 566 1133 cum
590 1058 740 1131 Iudaeis
768 1054 973 1130 chrisliani.
1011 1059 1083 1131 Sed
1106 1057 1152 1129 ed
1178 1057 1388 1128 Mosaicnrn
1415 1058 1706 1155 cosmogoniam
1735 1052 1814 1130 istic
1840 1076 1877 1128 et
1904 1060 1944 1129 in
1973 1061 2085 1133 rebus

333 1179 442 1251 etin
469 1178 648 1251 formulis
674 1176 803 1250 ubivis
827 1176 976 1271 respici,
1005 1175 1141 1247 deinde
1168 1174 1216 1246 ed
1242 1176 1427 1270 reliquum
1453 1176 1569 1249 etiam
1597 1173 1784 1248 Geneseoe
1811 1173 2018 1262 historiam,
2031 1168 2084 1267 ²²)

333 1292 579 1389 certissimum
606 1296 788 1370 omnibus
813 1297 997 1379 hebetum
1026 1311 1065 1366 et
1090 1295 1240 1366 odorati
1270 1295 1354 1366 sunt
1383 1292 1555 1366 fraudem
1566 1293 1805 1392 antiquiores
1831 1295 1947 1367 etiam
1967 1296 2084 1367 eccle·

333 1414 405 1490 sine
432 1417 626 1502 doctores,
653 1440 777 1511 neque
804 1415 850 1487 de
875 1414 937 1486 his
963 1409 1044 1485 istic
1069 1412 1183 1486 nobis
1211 1414 1376 1509 nnrplius
1404 1415 1593 1512 egendum
1621 1410 1682 1487 est.

437 1540 562 1634 Ergo,
601 1534 707 1631 quod
741 1535 783 1604 in
810 1529 879 1604 isto
906 1528 1117 1618 exstitisset,
1146 1531 1340 1605 censemus
1376 1531 1418 1604 in
1450 1536 1673 1605 Henneticis
1699 1532 1815 1605 etiem
1841 1532 1990 1629 scriptis
2018 1535 2085 1607 ob·

335 1652 500 1727 tinuisse.
563 1651 723 1749 Ablegat
756 1675 829 1723 nos
869 1650 916 1722 ed
951 1650 1155 1746 Porphyrii
1194 1650 1359 1723 scholam
1398 1652 1575 1745 (oetatem
1603 1652 1689 1747 quis
1717 1654 1856 1725 certius
1884 1652 2085 1737 definierit,

332 1772 409 1847 nist
435 1774 478 1843 in
502 1771 674 1843 numeris
691 1771 819 1842 ludere
838 1769 961 1843 velit?
989 1762 1041 1859 ²⁴)
1076 1771 1186 1843 valde
1204 1771 1308 1841 enim
1326 1766 1396 1841 fibi
1418 1770 1543 1843 schola
1568 1771 1633 1842 illa
1655 1771 1856 1859 convenit)
1875 1769 1954 1863 ipsa
1970 1772 2087 1842 etiam

336 1890 526 1965 librorum
553 1888 726 1961 doctrine
751 1889 962 1961 Platonica.
1031 1892 1085 1961 Ea
1123 1888 1227 1959 enim
1264 1889 1311 1960 ed
1350 1887 1597 1961 Iorrrblicsmm
1623 1887 1789 1959 maxime
1819 1889 1975 1960 accedit.
2029 1888 2088 1961 ed

335 2009 608 2083 Atheniensem
635 2024 762 2079 eutem
791 2005 956 2079 scholam
984 2002 1013 2077 si
1038 2007 1125 2104 quie
1152 2004 1290 2079 referre
1315 2006 1432 2092 velit,
1471 2008 1513 2079 in
1542 2030 1615 2101 que
1643 2008 1808 2099 Cyrillue
1835 2007 1943 2079 Alex.
1971 2008 2086 2080 etium

336 2125 510 2223 'Eppei'xd
535 2125 693 2197 collecte
714 2125 854 2197 tradit:
881 2151 963 2198 non
991 2125 1274 2219 relrtctebimur.
1337 2126 1408 2197 Sed
1445 2127 1490 2197 de
1523 2123 1681 2223 singulis
1717 2125 1826 2197 libris
1862 2124 1988 2219 ulique
2023 2125 2088 2198 hic

338 2244 604 2318 delibabimus.
667 2248 744 2315 Eos
782 2261 909 2316 eutem
944 2245 1064 2316 libros
1104 2246 1306 2317 commode
1351 2243 1612 2332 omiserimus,
1662 2244 1730 2339 qui
1765 2243 1813 2313 ad
1850 2245 2087 2317 Hermeticas

337 2378 439 2436 artes
465 2362 671 2446 attineant,
699 2358 936 2460 ‘trismegisti
961 2365 1124 2443 nomine
1150 2380 1188 2469 et
1214 2361 1317 2459 ipsos
1343 2363 1568 2460 insignitosz
1595 2363 1643 2434 ed
1660 2361 1885 2433 elchemiam
1912 2380 1949 2433 et
1975 2360 2087 2435 nstro·

335 2482 505 2580 logium,
546 2482 673 2575 quules
702 2482 867 2553 Galenus
905 2480 982 2552 inm
1021 2483 1348 2556 commemoravit.
1403 2488 1487 2555 Hos
1513 2507 1637 2578 neque
1663 2506 1711 2554 ex
1737 2479 1889 2566 endem,
1915 2507 2087 2577 nequeo

227 2680 234 2691 ,
338 2601 533 2675 Platonica
570 2596 649 2669 sere
684 2597 810 2671 schole
845 2593 1039 2685 exstitisse,
1088 2602 1266 2672 credibile
1292 2597 1363 2685 est3
1391 2593 1444 2688 ²³)
1487 2626 1613 2696 neque
1637 2600 1740 2671 inter
1766 2604 1927 2671 Graecos
1954 2602 2084 2687 modo,

337 2719 401 2793 sed
426 2717 578 2803 ubivis,
606 2716 723 2788 etiem
750 2719 852 2791 inter
877 2717 1102 2804 orientales,
1130 2711 1182 2809 ²⁶)
1220 2717 1434 2791 Hermetica
1461 2718 1598 2813 scripte
1626 2719 1715 2790 teliu
1747 2718 1971 2791 inclaruere.
2025 2716 2087 2794 Est

338 2862 457 2910 exeo
485 2859 622 2933 genere
659 2838 775 2908 etium
808 2838 864 2922 ie,
919 2860 1034 2933 quem
1068 2836 1141 2936 cepi
1179 2843 1338 2922 βοτανῶν
1373 2838 1565 2928 χυλώσεως
1590 2863 1639 2911 ex
1671 2853 1779 2933 parte
1804 2861 1930 2932 nuper
1967 2836 2087 2909 edidit

402 2955 441 3024 '.
551 2952 591 3019 th
615 2976 644 3020 r.
668 2944 702 2991 ⁹⁷

336 2956 428 3026 ⁰1¹ss
441 2955 834 3163 deoepheilosobhicos
859 3059 1007 3155 primus
1033 3057 1226 3131 Mersiliue
1261 3060 1439 3144 ticinus,
1476 3081 1499 3130 e
1535 3065 1733 3133 codicibus
1771 3081 1884 3157 atque
1916 3068 2087 3138 Platoni·

336 3238 544 3265 μ

427 3390 485 3468 en)
508 3377 677 3475 Ηρᾶσθη,
699 3389 767 3461 eit,
790 3375 831 3446 rh
854 3377 986 3467 πνεῦμα
1008 3376 1090 3471 (etp
1114 3375 1171 3467 <o·
1254 3399 1327 3446 rent
1349 3386 1477 3461 coelun
1498 3397 1532 3447 et
1551 3382 1663 3447 sidera.
1706 3385 1884 3461 „Coelunn
1916 3387 2086 3474 Asclepius

341 3483 454 3575 Φῶδης
475 3482 531 3551 uui
553 3479 806 3575 πνευματώδης)
829 3482 898 3547 τῶν
927 3480 1017 3545 ἰδίων
1037 3481 1168 3573 ἂρχῶν,
1254 3486 1321 3561 eit,
1344 3483 1502 3549 sensibilis
1525 3482 1569 3548 etl
1595 3486 1702 3561 Deus,
1722 3485 1956 3551 edurinislretor
1978 3492 2085 3554 omni·

341 3587 398 3655 uui
424 3587 555 3676 ἐγένετο
576 3580 758 3675 σύγκρασις
778 3607 842 3652 etc.
1255 3612 1310 3649 um
1334 3584 1543 3673 corporum.⁸·

430 3696 488 3770 23)
510 3694 562 3759 Ad
592 3692 779 3755 Ezechielis
812 3690 910 3753 etiam
943 3690 1104 3777 imagines
1135 3690 1169 3751 in
1343 3688 1400 3763 26)
1422 3689 1479 3752 Cf.
1502 3705 1631 3772 praeter
1653 3690 1735 3751 alios
1761 3689 2085 3755 Beausotrettitte.

343 3794 561 3879 descriptione
583 3794 714 3854 Saturni
738 3792 860 3875 typice.
1255 3794 1350 3855 Man.
1376 3792 1414 3863 1,
1434 3788 1558 3862 soon.
1590 3791 1674 3853 Nam
1687 3791 1772 3874 epud
1784 3792 1995 3881 Auguslinurn
2013 3796 2085 3870 (t3,

261 3902 265 3909 '
429 3896 486 3973 24)
516 3895 655 3957 Fallitur
692 3891 747 3955 hic
784 3892 986 3977 Conringiue
1026 3913 1170 3977 quoque,
1258 3896 1305 3962 r.)
1328 3890 1457 3954 Faustus
1480 3892 1578 3954 etiem
1590 3892 1806 3957 Manichacus
1822 3896 2010 3959 Hermetem
2032 3916 2100 3959 veo-¹

344 4022 416 4061 cum
439 3996 479 4059 dc
503 3996 657 4057 formule:
688 3979 863 4078 o'pootiotee
892 3988 940 4052 τῶ
964 3988 1010 4070 νῷ
1032 3984 1049 4051 ὁ
1073 3982 1173 4072 λόγος
1258 4009 1323 4056 tem
1345 3992 1465 4054 laudat.
1490 3994 1549 4064 (L.
1569 3992 1719 4055 Iudaicus
1736 3996 1853 4073 Coeri,
1874 4018 1908 4081 p.
1931 4008 1953 4073 5
1973 3996 2088 4069 Euat.)

343 4130 387 4145 -
416 4097 585 4171 observet,
625 4081 800 4178 ὁμοοὺσιον
829 4116 887 4179 per
916 4094 1080 4157 Nicaenoe
1117 4093 1174 4154 de·
1345 4094 1505 4167 27).Curn
1527 4096 1625 4156 Leur.
1658 4095 1755 4177 Lydo
1792 4096 1832 4157 de
1854 4098 2023 4160 mensibus.
2046 4101 2087 4163 L.

345 4220 432 4262 muru
470 4196 707 4261 introductum·
766 4196 931 4259 Nimirum
960 4196 1172 4281 perantiquus
1257 4210 1294 4261 et
1312 4192 1452 4259 Dermsl.
1474 4208 1548 4272 327.
1570 4198 1608 4257 P.
1630 4207 1693 4275 3¹3
1718 4196 1750 4258 ss.
1773 4198 1919 4259 Velitnue
1940 4199 1980 4260 de
2003 4202 2087 4261 libro

346 4304 404 4364 illo
426 4316 522 4383 etque
546 4296 727 4360 notissimus
750 4298 842 4357 vocis
860 4296 936 4358 uiue
965 4298 1043 4358 suit.
1258 4312 1458 4379 auctoreque
1480 4298 1520 4357 ab
1544 4296 1671 4361 editore
1701 4298 1901 4383 disputatum
1930 4305 2085 4374 curatius,

433 4400 489 4479 25)
511 4402 611 4462 Licet
633 4397 813 4460 Hermetici
835 4398 932 4458 etiem
954 4398 1032 4459 libri
1052 4398 1174 4480 ubique
1259 4396 1468 4481 praesertim,
1490 4416 1526 4459 ut
1551 4402 1607 4463 ille
1629 4400 1669 4462 ml
1692 4392 1884 4483 Kupesidcee
1906 4424 1988 4485 opu,
2006 4405 2089 4467 uer.

347 4503 387 4566 de
410 4504 444 4565 vi
467 4502 694 4586 exposuerint,
728 4518 823 4581 quam
853 4500 889 4561 in
921 4519 1057 4583 corpore
1086 4496 1175 4561 exse·
1262 4501 1418 4561 metitum
1440 4498 1567 4563 hebeat·

1642 4622 1673 4690 B
