4860 5940
949 241 1285 319 ..,..

246 436 347 509 tium
373 422 418 508 ef
436 431 616 506 scientiae
643 428 836 529 originem
861 443 1073 523 repeterent
1097 426 1279 527 Aegyptii
1290 452 1303 515 ς
1330 444 1377 502 ut
1401 410 1620 508 ssermetica
1648 433 1883 523 dicerentur,
1910 437 1997 534 qui·

243 554 327 630 bus.
344 556 536 655 genuinae
562 550 652 635 illae
690 549 949 622 redderentur.
1028 553 1249 645 Τριςμέγιςιν
1286 566 1414 621 autem
1440 554 1597 650 (nempe
1623 557 1670 626 ab
1697 560 1877 627 Hermete
1905 559 1997 629 Deo

203 684 208 691 '
246 671 468 748 distinctum
491 666 547 761 ⁵))
574 670 722 755 dixer'e,
750 669 819 765 qui
845 665 993 764 scriptis
1020 666 1323 766 consignaverit,
1352 695 1447 765 quae
1473 670 1574 744 fama
1602 675 1743 747 olims.
1765 674 1852 769 ἱερὸς
1878 674 2000 765 λόγος,

152 794 155 799 ’
246 811 314 866 aut
351 786 607 864 exhibuissent
641 792 842 862 columnae
877 787 1137 858 Hermeticae:
1179 782 1333 883 δεύτερος
1357 788 1482 885 Ἐρμῆς
1517 792 1619 886 apud
1653 793 1888 886 Syncellum·
1908 793 2006 864 dici.

245 931 320 984 tur.
372 909 662 981 Platonicorum
688 909 875 979 seriorum
899 901 997 977 istud
1023 904 1194 1003 elogium
1219 903 1298 976 fuit
1324 906 1560 1006 Trismegisti
1580 901 1639 1000 ⁶)t
1678 908 2006 1007 quemadmodum

246 1031 292 1102 in
327 1027 503 1100 universa
536 1029 725 1098 librorum
763 1021 922 1096 istorum
957 1024 1063 1096 causa
1099 1023 1246 1095 scholae
1272 1025 1492 1097 Platonicae
1526 1024 1645 1099 studia
1685 1014 1910 1100 obtinueras
1952 1022 2003 1100 Ῐιι

247 1149 319 1219 hac
346 1149 450 1218 enim
484 1146 656 1240 primum
689 1161 728 1214 et
760 1143 841 1215 sola
877 1141 956 1214 fere
992 1161 1352 1215 commemorantur.
1402 1149 1525 1243 ¹Ergo
1552 1134 1744 1247 quoniam*
1764 1147 1907 1218 sacram
1932 1149 2008 1218 Ae·

250 1256 476 1367 gyptio'rurn
503 1262 718 1334 doctrinam
745 1259 896 1332 reddere
923 1260 1190 1345 credebantur3
1234 1263 1425 1335 Hermetz's
1455 1254 1691 1363 Plirrnegisti
1725 1263 1819 1335 libri
1845 1264 2010 1360 quidanr

251 1384 497 1467 dicebantur,
525 1398 564 1450 et
584 1380 792 1452 Platonicis
812 1380 968 1474 quidem
988 1379 1204 1451 serioribus.
1233 1381 1376 1452 Similis
1394 1381 1493 1453 Ho'ri
1506 1381 1703 1479 Apollinis
1723 1384 1829 1455 causa
1853 1380 2006 1455 exstitit.

279 1509 283 1517 '
353 1499 583 1573 Exstiterant
608 1499 725 1571 etiam
750 1495 982 1570 Zoroastrica
1018 1497 1204 1592 quaedam
1239 1497 1376 1594 scripta
1409 1499 1453 1570 in
1484 1496 1627 1572 scholis
1660 1496 1764 1583 istis;
1799 1503 2007 1597 praecipue

252 1638 381 1715 autem
398 1620 549 1690 oracula
568 1618 707 1710 (λόγια)
737 1641 833 1713 quae
859 1614 908 1687 ad
924 1611 1161 1687 Zoroastrem
1186 1615 1430 1704 reserrentur,
1458 1617 1625 1714 primum
1646 1641 1667 1688 a
1692 1620 1854 1693 Patritio
1882 1621 2008 1691 ePla·

252 1741 475 1810 tonicorum
500 1736 616 1808 libris'
637 1737 795 1807 collecta
832 1752 945 1830 atque
978 1730 1167 1828 dispdfita.
1244 1736 1359 1831 Quod
1384 1760 1434 1807 ne
1461 1736 1650 1809 continuo
1691 1737 1738 1810 ad
1763 1737 1867 1811 idem
1893 1737 2009 1821 falsae

252 1858 400 1929 riorum
437 1879 559 1952 genus
586 1853 821 1952 reseramus„
859 1874 1026 1948 quorum
1060 1853 1278 1925 Hermetica
1314 1853 1453 1951 scripta
1479 1851 1721 1927 exstitissentr
1759 1855 2009 1953 quemadmo-

252 1974 347 2047 dum
374 1975 539 2067 Orp'hica
563 1975 705 2071 vulgo,
742 1970 1016 2069 Pythagorica,
1050 1966 1282 2043 zoroastraea
1318 1990 1431 2069 atque
1457 1972 1695 2061 Hermetica,
1734 1975 1780 2045 ab
1818 1971 2008 2047 historicis

254 2093 560 2167 confunduntur.
637 2091 812 2177 Etenim,
839 2089 976 2161 sinon
1014 2087 1272 2186 Aegyptiacae
1309 2106 1423 2186 atque
1448 2092 1616 2189 magicae
1642 2093 1846 2188 sapientiae
1873 2091 2010 2163 discri-

199 2188 205 2203 ’
252 2212 362 2323 mina
388 2208 448 2281 isti
465 2207 646 2295 fecerint3
675 2226 774 2283 certe
799 2204 1072 2305 Zoroastricam
1091 2205 1169 2281 sibi
1177 2207 1374 2305 propriam
1398 2209 1517 2306 aliqui
1535 2211 1755 2293 habuerant.
1810 2206 2012 2284 Gnostico·
2037 2236 2045 2243 ·

253 2354 341 2402 rum
369 2354 412 2399 ea
438 2327 583 2416 suerat,
620 2329 680 2400 uti
705 2327 940 2422 Pophyrio
928 2351 971 2397 ιιι
998 2327 1145 2398 Plotini
1169 2327 1249 2401 vita
1285 2328 1369 2399 iam
1388 2344 1568 2400 notatum
1602 2325 1670 2401 est.
1710 2352 1865 2413 eorum,
1905 2353 2010 2425 quos

253 2447 438 2542 peculiari
463 2448 564 2518 libro
594 2443 709 2545 (Enn.
734 2453 784 2519 II.
813 2448 887 2541 9.')
897 2445 998 2518 hic
986 2445 1241 2542 impugnavit.
1311 2451 1394 2543 Iam
1426 2447 1566 2519 scimus
1601 2446 1774 2543 quidem,
1804 2448 2011 2520 serioribus

253 2567 372 2638 etiam
400 2568 627 2653 Platonicis,
665 2567 734 2663 qui
769 2563 965 2636 interioris
999 2561 1069 2635 fibi
1105 2563 1252 2637 scholae
1290 2562 1537 2652 viderentur,
1564 2564 1774 2637 Iamblicho
1802 2560 1836 2655 ⁷)
1862 2560 2012 2660 potiffi-

253 2707 363 2753 mum
399 2699 437 2753 et
464 2687 647 2776 Syriano,
688 2685 865 2778 usurpata
891 2700 931 2754 et
956 2681 1142 2775 explicata
1167 2678 1279 2755 fuisse
1305 2677 1372 2754 ista
1398 2684 1519 2774 λόγια,
1554 2709 1690 2759 verum
1724 2708 1875 2756 novum
1908 2679 2013 2755 istud

255 2798 428 2873 exstitisse
454 2801 606 2872 videtur
640 2801 878 2874 conciliandi
903 2801 1139 2897 periculum:
1174 2804 1248 2872 tale
1267 2818 1432 2886 ,tamen,
1471 2827 1549 2898 quo
1585 2803 1763 2898 antiquae
1797 2800 2014 2874 sententiae

253 2923 370 3015 paulo
399 2920 699 2994 inflecterentur.
753 2919 970 3004 Nimirum,
998 2935 1043 2989 ut
1067 2920 1200 3008 paucis
1226 2944 1308 2991 rem
1333 2916 1613 3001 describamus,
1650 2921 1801 3007 qualem
1828 2943 2016 3012 concepe-

253 3039 374 3101 rimus
404 3036 484 3114 (sed
503 3037 759 3119 explicuimus
786 3031 946 3090 eandem
971 3027 1049 3087 iam
1067 3016 1227 3117 olim⁸):
1272 3023 1512 3094 Zoroastrica
1540 3026 1728 3105 sententia
1754 3055 1889 3102 eorum
1916 3032 2012 3121 fuit,

255 3147 324 3243 qui
352 3146 640 3215 evacuationum
666 3155 859 3223 tenerent,
886 3137 1004 3234 longe
1030 3139 1133 3210 hunc
1159 3139 1330 3212 alienum
1355 3166 1376 3215 a
1402 3143 1655 3243 Platonismo.
1707 3148 1760 3218 At
1785 3151 1853 3244 qui
1879 3151 2013 3223 conci·

255 3266 348 3335 liare
374 3264 528 3346 vellent,
557 3258 606 3330 sic
631 3256 701 3329 sibi
720 3282 806 3344 ⁴rem
830 3254 1100 3343 informavere,
1127 3259 1311 3331 continua
1329 3262 1490 3356 quadam
1511 3261 1603 3335 serie
1624 3289 1672 3335 ex
1691 3265 1726 3337 se
1742 3265 1829 3361 ipsis
1857 3266 2013 3362 prodire

255 3382 468 3476 spirituales
494 3395 670 3461 naturas,
710 3399 873 3471 quarum
908 3370 1114 3471 postremae
1150 3374 1375 3451 inferiorem
1410 3380 1602 3452 mundum
1628 3381 1794 3455 exsistere
1821 3384 2007 3462 sinerentr

256 3524 351 3596 quae
378 3523 397 3567 a
424 3496 600 3589 Dionysii
626 3495 877 3592 Areopagitae
897 3493 1097 3603 'opinione
1134 3520 1216 3569 non
1252 3498 1405 3594 prorsus
1442 3499 1586 3584 aliena,
1623 3499 1672 3571 fic
1711 3520 1865 3575 tantum
1899 3502 2010 3578 diffe-

255 3634 370 3703 runt,
407 3618 512 3713 quod
548 3611 900 3712 (quemadmodum
934 3610 1019 3685 sieri
1055 3610 1216 3690 debebat
1251 3617 1298 3691 ab
1324 3617 1485 3693 homine
1512 3615 1745 3714 christiano)
1773 3623 2011 3697 materialem

719 3768 725 3777 ·
763 3750 782 3783 Ι

255 3824 461 3841 m

343 3955 381 4031 5)
410 3954 559 4015 Forsitan
596 3958 688 4017 illum
725 3958 822 4019 etiam
867 3955 1094 4022 ecclesiastieae
1264 3952 1301 4037 7)
1326 3942 1378 4025 c'f.
1401 3962 1611 4026 Dhnascium
1634 3960 1674 4026 de
1695 3964 1914 4049 principiisp
1936 3973 2015 4043 ιι5

257 4059 417 4120 formulae
440 4055 479 4117 de
501 4051 665 4141 τρισαγίῳ
697 4060 889 4144 oppositum.
1064 4104 1074 4123 .
1179 4059 1230 4124 ed.
1252 4064 1362 4150 Kopp.
1385 4064 1490 4138 (Frcf.
1505 4075 1546 4142 8.
1540 4064 1599 4140 6).

344 4159 380 4231 6)
398 4161 438 4219 In
456 4159 585 4220 ecclesia
603 4157 772 4222 christiana
794 4161 988 4223 Tertulliano
1009 4162 1092 4239 (Va-
1262 4168 1298 4244 8)
1322 4144 1604 4229 commentatione
1643 4164 1683 4230 de
1711 4168 1873 4250 DIonysro
1907 4165 2012 4232 Areo·

258 4263 337 4321 lent.
365 4259 418 4337 ις)
443 4276 476 4322 et
501 4261 675 4322 Lactantio
698 4263 826 4338 (nobili
856 4268 929 4326 loco
952 4262 1029 4326 inst.
1055 4284 1084 4340 1,
1171 4270 1300 4354 pagita3
1331 4269 1470 4350 repetita
1494 4270 1528 4329 in
1552 4269 1677 4332 Comm.
1700 4269 1800 4332 theol.
1824 4270 1873 4331 ed.
1898 4291 1917 4330 a
1937 4272 2011 4332 Ro·

256 4359 305 4432 6)
335 4363 449 4443 primis
480 4363 524 4426 sic
552 4362 689 4426 dicitur:
722 4379 790 4426 tum
823 4367 982 4453 Gregorio
1018 4363 1085 4428 Na·
1170 4369 1381 4443 senmullero,
1416 4370 1582 4434 Fuldnero
1613 4387 1647 4433 et
1677 4373 1851 4446 Maurero,
1884 4372 1946 4435 To.
1976 4373 2008 4435 Ι.

25 4565 30 4573 Ι
150 4558 153 4562 Δ
257 4462 428 4525 ziauzeno.
1168 4473 1207 4534 P.
1232 4489 1261 4536 s.
1304 4473 1351 4534 Et
1372 4470 1413 4536 de
1435 4470 1493 4535 isto
1516 4473 1704 4537 discrimine
1726 4485 1800 4551 278.
1818 4471 1852 4534 ss.
