4860 5940
267 628 361 706 quas
388 597 572 675 sentirent
597 590 798 665 adrerum
823 591 1030 690 imperium
1049 595 1231 683 tendere,
1269 613 1470 671 tuerentur
1490 606 1828 701 atque-augerent3
1859 592 1911 696 ¹⁹)
1946 602 2015 679 vel

265 726 335 805 fic,
363 740 408 794 nt
432 718 655 792 viderentur
681 709 768 799 ista,
796 737 892 810 quae
920 716 1275 802 accommodarent,
1301 742 1385 789 non
1412 720 1619 818 originaria
1634 724 1753 817 apud
1778 721 2016 812 christianos,

265 842 328 917 sed
354 842 523 932 surrepta
549 833 725 921 aliunde,
754 850 793 905 et
811 858 841 903 -e
866 831 945 905 suia
973 836 1127 931 quidem
1154 835 1329 931 ipsorum
1354 836 1543 910 sontibus.
1587 845 1637 913 Et
1661 842 1792 937 potuit
1810 844 1883 915 hoc
1908 858 2017 938 prae-

256 962 397 1037 sertim
422 955 471 1028 fic
498 954 690 1042 obtinere,
717 954 832 1024 utin
858 948 1092 1056 mesticiam
1109 951 1290 1058 fontibus
1316 956 1562 1031 ostenderent
1578 983 1809 1053 comparere,
1836 986 1933 1058 quae
1948 962 2019 1035 sua

265 1082 435 1154 dicerent
469 1070 674 1145 christiani.
738 1072 847 1170 Ergo'
878 1074 934 1143 ut¹
960 1092 1063 1146 recte
1087 1075 1245 1162 dicant,
1269 1077 1336 1174 qui
1363 1095 1519 1171 patrum
1555 1075 1845 1151 christianorum
1880 1079 2019 1153 deseri-

262 1202 358 1275 bant
383 1196 549 1290 aliquem
576 1191 881 1264 Pletoniamum:
907 1209 946 1262 at
973 1189 1270 1267 christianismus
1294 1194 1413 1267 etiam
1422 1191 1569 1267 exstitit
1583 1196 1883 1269 Platonicorum.
1898 1191 1950 1287 ¹⁹)
2000 1258 2003 1263 .

363 1323 411 1388 In
437 1337 512 1410 qua
539 1310 648 1383 causa
674 1310 863 1383 nescimus
892 1336 942 1384 an
970 1314 1189 1415 Porphyrio
1217 1314 1376 1411 eiusque
1402 1315 1548 1386 scholae
1567 1315 1779 1411 plurimum
1800 1315 2020 1393 adscriben-

254 1434 447 1518 damst,
475 1451 520 1503 ut
546 1431 640 1501 hinc
666 1430 783 1502 etiam
808 1430 1033 1503 universum
1058 1431 1104 1504 de
1130 1435 1271 1506 talibus
1297 1433 1407 1505 libris
1427 1433 1624 1527 locisque,
1651 1446 1859 1529 eorumque
1880 1450 2018 1522 aetate,

261 1556 452 1631 iudicium
476 1547 742 1622 instruendum
763 1547 819 1622 sit.
883 1556 1125 1651 Cognoverat
1160 1553 1304 1641 ierem
1341 1549 1581 1624 christianam
1597 1550 1691 1647 Yipso
1717 1553 1786 1624 suo
1810 1553 1903 1637 usur
1942 1574 2021 1625 no-

262 1676 486 1766 vimusque,
523 1694 647 1739 unum
681 1669 795 1739 illum
824 1666 875 1741 de
911 1669 1059 1743 scholae
1088 1666 1202 1743 istius
1233 1672 1410 1745 alumnia·
1427 1671 1561 1742 sacros'
1576 1666 1868 1743 christianorum
1890 1669 2019 1745 libroa

256 1793 364 1891 ipsos
391 1807 429 1859 et
457 1785 623 1860 severius
650 1784 827 1859 adortum
853 1784 935 1861 effe.
1000 1786 1171 1874 Deinde,
1213 1790 1292 1886 ,qui
1317 1791 1371 1861 ,in
1409 1790 1652 1863 Hennetiris,
1671 1786 1772 1858 libris
1807 1787 2021 1863 nobiseum

261 1910 411 1984 censeat
430 1903 577 1977 factum
593 1902 684 1991 esse,
704 1905 1027 2001 quemadmodum
1047 1906 1131 1980 fieri
1156 1908 1259 1979 inter
1282 1908 1374 1979 illos
1403 1906 1562 1978 solitum
1580 1904 1772 1989 diximus;
1799 1907 1945 2001 poterit
1967 1904 2020 1991 si-

260 2030 428 2103 millimo
456 2025 623 2122 quodam
647 2025 805 2123 negotio
835 2023 871 2097 se
895 2025 1019 2114 tueri,
1045 2052 1067 2100 e
1092 2027 1296 2122 Porphyrii
1319 2023 1446 2097 schola
1470 2022 1641 2110 famoso,
1671 2023 2019 2099 Sarrclruniuthonis

259 2172 400 2242 nempe
428 2143 679 2241 cosmogonia
707 2142 860 2230 (Euseb.
888 2147 1118 2241 Praep.'Ev.
1145 2150 1176 2233 1,
1201 2149 1240 2217 6.
1260 2146 1326 2235 ·7.)
1379 2148 1435 2216 Et·
1463 2141 1607 2217 samam
1642 2143 1761 2217 niam
1784 2144 1883 2245 hanc
1901 2160 2019 2217 vetu-

259 2265 352 2342 stam
378 2259 508 2348 fuisse,
537 2261 1008 2356 comperimus,·.eandem
1041 2262 1216 2336 exstitisse
1242 2257 1439 2360 originem
1472 2261 1777 2333 et1Hermetic'ae
1803 2263 2017 2356 sapientiae

258 2404 297 2459 et
333 2378 755 2466 Sanchuniathonicae3
784 2372 837 2472 ⁹⁰)
887 2405 942 2453 ex.
967 2383 1144 2481 Aegypto
1177 2388 1318 2478 nempe
1349 2378 1524 2453 tet-»hanc
1550 2377 1758 2487 devenisse:
1807 2379 2015 2471 nimirum,

258 2504 449 2600 quoniam
464 2492 644 2573 'eiusdem
670 2495 735 2570 ista
762 2516 897 2571 cuncta
926 2497 1104 2587 fuissent,
1130 2497 1205 2570 scre
1232 2500 1325 2571 artis
1350 2496 1427 2571 five
1452 2494 1629 2573 fabricae.

360 2617 537 2703 Etenim,
572 2637 617 2689 ut
642 2641 683 2689 ea
709 2617 821 2690 illinc
838 2616 1044 2693 referamus
1072 2616 1152 2690 sola
1178 2613 1248 2708 (est
1273 2617 1378 2690 enim
1404 2610 1652 2711 amplissimus
1677 2618 1820 2707 locus),
1848 2640 1945 2715 quae
1963 2617 2017 2692 ad

255 2731 518 2813 illustrandam
551 2730 719 2805 'nostram
753 2737 902 2807 causam
927 2736 1092 2809 saciant:
1127 2759 1254 2829 neque
1288 2716 1647 2806 Sanchuniathonie.
1664 2731 1780 2827 ipsius
1808 2736 2016 2831 personam

255 2852 339 2931 istic
365 2876 579 2939 moramur,
604 2874 732 2948 neque
758 2852 844 2947 quia
872 2854 1042 2948 qualiave
1067 2850 1180 2924 Philo
1208 2849 1277 2920 ille
1302 2851 1464 2940 Bybliua
1501 2849 1710 2923 censendus
1747 2848 1816 2937 sit,
1857 2877 2016 2948 quaera-

255 2998 355 3042 mus,
385 2968 437 3051 ²¹)
476 2968 777 3052 cosmogoninm
804 2984 931 3023 aarum
947 2969 1055 3027 itlius
1071 2965 1177 3030 istam
1194 2966 1299 3035 inter
1317 2968 1540 3037 Platonicos
1556 2964 1743 3047 exstitiss'e,
1773 2994 1868 3057 quae
1882 2972 2027 3059 pl'ero-'

171 3118 174 3124 ·
255 3105 419 3178 rumque
446 3073 633 3147 sententia
659 3067 756 3153 suit3
782 3090 892 3140 novo
917 3066 1036 3139 etiam
1059 3085 1287 3165 argumento
1324 3068 1470 3142 firmari
1497 3071 1598 3165 posse
1624 3073 1787 3150 ridetur.
1855 3085 2016 3163 Scilicet

247 3228 373 3305 quam
397 3197 458 3271 illi
483 3216 611 3267 rerum
639 3189 830 3286 originem
856 3184 1043 3257 divinam:
1056 3184 1262 3259 describere
1290 3188 1477 3273 solerent,
1506 3188 1609 3285 quod
1634 3193 1678 3264 in
1705 3193 1742 3266 se
1767 3195 1895 3292 ipsum
1915 3227 2014 3280 con·

252 3320 385 3400 versus
411 3322 516 3389 Deus
543 3309 601 3383 sui
626 3309 753 3380 ideam
779 3303 1041 3399 conceperit,'
1056 3322 1095 3379 et
1118 3302 1165 3377 iu
1190 3305 1237 3379 se.
1262 3305 1384 3403 ipsam
1413 3307 1558 3381 deiude
1591 3311 1771 3388 conversa
1804 3341 1915 3391 mens
1949 3324 2013 3397 di.

256 3507 465 3537 W

342 3642 400 3723 ¹8)
429 3643 485 3704 De
516 3633 696 3709 Gnohieir,
732 3632 814 3716 qui,
860 3622 943 3692 sicui
974 3628 1087 3693 Mani·
1124 3660 1127 3665 ·
1168 3621 1361 3717 psille'repi
1384 3625 1446 3714 τῆς
1463 3626 1591 3722 Ἑρμοῦ
1613 3630 1853 3721 φυσιολογίας,
1890 3644 2010 3715 eodm

256 3748 373 3821 abaci,
411 3742 526 3805 eodem
555 3736 690 3802 consilio
713 3730 884 3794 christiana
915 3728 972 3792 sua
994 3730 1090 3794 secis-
1173 3733 1309 3795 forsitan
1329 3738 1426 3812 loco,
1460 3754 1566 3823 equo
1589 3743 1834 3827 coamogoniam
1861 3746 2011 3815 reddidit

253 3847 327 3913 seut
359 3843 452 3920 (vere
483 3840 572 3903 euim
601 3853 739 3919 utraque
770 3835 954 3919 [gentilium
995 3832 1090 3900 exili·
1173 3834 1354 3907 Eusebiae,
1397 3837 1598 3903 Phoenicum
1627 3840 1789 3906 historiae.
1843 3845 2012 3915 Sed'Pbi·

253 3951 298 4014 tit
318 3942 461 4011 familia)
485 3943 634 4003 irenaeus
655 3936 824 4010 similiter,
842 3949 874 4012 3,
902 3948 957 4014 19:
1008 3934 1089 4009 ‚,Si.
1172 3937 1246 4019 1095
1272 3939 1369 3999 etiam
1391 3940 1511 4021 Byblio
1535 3941 1632 4004 huit„
1663 3945 1835 4033 ἱῃωφῳᾷ
1862 3946 1959 4021 (Μ.
1983 3957 2009 4017 ¹·

253 4052 344 4115 milia
374 4053 546 4130 loquentes
578 4038 747 4114 fidelibus,
794 4060 863 4099 nou
896 4034 994 4098 modo
1027 4034 1088 4096 dis·
1175 4036 1220 4111 c.)
1251 4039 1439 4100 censebatur
1469 4041 1585 4102 Sanch.
1617 4042 1672 4104 sue
1705 4044 1829 4110 duxisse
1859 4049 1898 4111 ab
1922 4052 2011 4118 Har·

252 4152 369 4217 similia
398 4148 553 4232 sapiunt,
591 4140 646 4203 sed
678 4142 775 4203 etiam
799 4137 961 4200 contraria
989 4134 1114 4225 rell·“⁵
1172 4155 1271 4215 mete,
1294 4139 1359 4201 five
1382 4163 1423 4202 ex
1445 4130 1880 4233 ἂποκρύφοιςἊμμουνέων
1899 4144 2008 4240 ypip-

254 4286 295 4299 ..
340 4252 455 4314 Minue
478 4245 657 4310 deliberato
689 4241 822 4305 consilio
854 4238 891 4302 id
922 4236 1027 4325 ipsum
1050 4239 1087 4301 iu
1173 4255 1269 4329 μασι.
1314 4241 1366 4304 cf.
1391 4243 1555 4307 Moabem·
1579 4251 1600 4306 1.
1625 4269 1652 4308 c.
1677 4248 1758 4332 Cap.
1780 4259 1833 4330 44

256 4352 470 4419 conficiendi·
494 4348 616 4413 Corani
637 4343 729 4404 libris
758 4340 890 4405 exstitit.
987 4342 990 4347 ’
1261 4340 1317 4416 21)
1341 4344 1474 4427 Optime
1505 4344 1545 4409 de
1578 4346 1631 4408 hia
1663 4370 1768 4435 nuper
1803 4354 1937 4419 meritur
1961 4358 2010 4424 est

265 4484 269 4489 ·
344 4456 399 4536 19)
428 4454 493 4515 llic
523 4472 591 4512 nou
626 4444 788 4507 dislimilia
828 4447 925 4506 ctiam
958 4446 1089 4506 Tenue·
1173 4445 1225 4509 Io.
1250 4443 1352 4506 Cour.
1382 4445 1542 4525 orestus,
1565 4449 1699 4533 libello:
1745 4452 2008 4526 Sancboniatho.

256 4578 393 4621 mannua
415 4551 578 4627 reddidit,
603 4544 685 4612 Hist.
709 4542 992 4625 Ph.v1.464u
1174 4546 1227 4607 nia
1249 4544 1429 4631 fragmenta
1458 4547 1498 4611 de
1527 4554 1739 4637 cotmogonia
1773 4572 1807 4619 et
1837 4556 2007 4650 theologia

346 4656 404 4734 eo)
425 4654 562 4720 Dicitur
584 4647 852 4715 Sanchuniatbou
880 4644 1010 4765 Suidae·
1013 4643 1090 4708 scri-
1175 4644 1378 4710 Phoenicum
1399 4678 1441 4693 -
1496 4651 1590 4737 Lips.
1615 4654 1692 4731 82⁶·
