4860 5940
825 348 1160 423 σοῦ’-

110 540 303 620 mundum
341 559 447 615 extra
483 536 567 614 isias
603 557 759 613 naturas
798 537 1015 636 spirituales
1048 536 1236 636 positum,
1270 532 1524 637 effectumque
1561 541 1607 612 ab
1642 541 1727 638 ipso
1764 543 1863 627 Deo,

109 663 345 760 opinaretur.
398 662 505 732 Talia
533 678 661 733 antem
687 658 853 731 omnino
879 684 964 732 non
991 655 1138 731 exstant
1170 659 1213 733 in
1239 654 1470 733 Hermeticis
1494 658 1642 769 scriptis
1660 654 1708 750 ⁹).

212 788 315 879 Ergo
343 804 438 875 quae
464 779 706 851 mirabilibus
741 775 971 851 nominibus
1007 778 1196 850 Platonici
1233 777 1390 873 quidam
1416 803 1436 849 e
1463 774 1670 852 Zoroastris
1698 778 1863 851 oraculis

110 899 363 974 describerent
396 915 581 994 tanquam
617 894 735 993 posita
762 893 845 991 post
882 896 1058 970 divinam
1092 897 1232 983 triade,
1259 896 1428 992 primum
1467 894 1660 989 systemata
1687 899 1863 995 spiritua·

40 1106 45 1119 ,
107 1021 208 1093 lium
234 1034 455 1089 naturarum
481 1016 722 1095 describunt,
757 1014 892 1088 deinde
926 1016 994 1089 has
1029 1015 1140 1112 ipsas.
1218 1013 1291 1086 Sed
1324 1014 1446 1111 ipsam
1472 1016 1582 1086 illam
1608 1017 1727 1088 triada
1754 1016 1865 1088 aliter

107 1137 276 1210 reddunt
302 1160 346 1207 ac
369 1135 585 1233 Platonicis·
610 1134 707 1206 olim
734 1151 916 1229 concepta
951 1131 1098 1219 suisset,
1124 1134 1361 1230 propiusque
1388 1134 1435 1205 ad
1459 1136 1588 1208 Procli
1614 1133 1863 1237 sententiam:

107 1280 201 1329 nam
226 1252 296 1350 pro
332 1271 463 1327 niente
488 1272 528 1325 et
552 1252 681 1325 airinra
715 1244 854 1350 δύναμιν
879 1269 919 1324 et
953 1258 1031 1325 νοῦν
1057 1252 1213 1341 dicunt,
1252 1250 1392 1350 agendi
1431 1252 1654 1327 facultatem
1679 1271 1718 1327 et
1742 1251 1863 1325 actio·

105 1370 199 1446 nem
224 1374 365 1445 mentis
383 1374 514 1467 ipsam.
567 1376 785 1467 Sequuntur
811 1371 888 1442 iam
914 1368 1030 1467 νοητά,
1051 1367 1188 1465 deinde
1213 1368 1322 1466 νοερᾶ,
1350 1370 1495 1470 singula
1523 1374 1611 1469 (qui
1636 1369 1865 1445 nostratium

106 1474 224 1565 otiam
250 1490 567 1587 philosophorum
591 1487 697 1562 lusus
725 1485 965 1578 exstiterunt)
1002 1513 1069 1585 per
1096 1489 1235 1561 triades
1263 1490 1353 1561 alias
1381 1486 1574 1576 distinctu
1602 1490 1673 1576 stc,
1700 1508 1745 1561 ut
1771 1515 1863 1561 cun·

106 1610 180 1685 ctis
207 1610 267 1680 his
294 1610 521 1694 reddantur,
557 1632 653 1704 quae
687 1608 809 1705 magis
845 1606 992 1703 semper
1017 1606 1065 1679 ad
1101 1608 1345 1679 mundanum
1370 1611 1576 1707 negotium
1602 1608 1861 1681 deflectantur.

105 1733 160 1803 At
186 1727 213 1801 si
238 1728 315 1824 qua
342 1724 415 1797 srnt
440 1729 541 1798 inter
567 1727 659 1796 talia
682 1724 1034 1821 philosophicarum
1052 1722 1266 1798 scholarum
1281 1746 1548 1813 monumenta,
1578 1752 1673 1823 quae
1700 1728 1864 1799 orienta-

105 1849 206 1919 lium
232 1844 465 1943 religionum
491 1845 637 1917 decreta
663 1860 862 1940 repetant3
888 1843 934 1917 in
960 1840 1037 1916 istis
1063 1842 1105 1916 id
1130 1843 1296 1915 oraculis
1322 1845 1492 1930 obtinet,
1522 1863 1566 1916 ut
1592 1847 1633 1916 in
1657 1840 1864 1937 ldqywv,¹⁶)

104 1965 276 2059 Ἑκάτης,
304 1964 509 2060 ἀμειλίκτων
534 1963 746 2036 vocabulis.
799 1967 943 2036 Verum
969 1987 1052 2035 non
1079 1961 1122 2033 id
1145 1958 1265 2035 nostri
1300 1958 1351 2035 esl
1383 1963 1546 2063 negotii.
1599 1959 1791 2036 Postremo
1819 1964 1863 2034 in

106 2107 292 2180 corporeo
319 2083 434 2153 etiam
461 2081 608 2153 mundo
635 2081 774 2180 gradus
800 2075 860 2152 isti
887 2075 1164 2166 ostenduntur,
1199 2104 1292 2153 nam
1318 2107 1387 2177 per
1411 2086 1510 2162 νοῦν,
1537 2086 1665 2178 ψυχήν
1695 2100 1732 2154 et
1757 2079 1865 2173 φύσιν

108 2217 248 2274 cuncta
283 2195 363 2271 istic
399 2199 676 2273 describuntur.
756 2197 809 2271 At
848 2195 1143 2271 Christianarum
1177 2200 1410 2281 notionum,
1451 2225 1542 2298 quas
1581 2220 1755 2275 auctores
1799 2200 1865 2273 vel

106 2317 303 2393 tenuerint
341 2319 405 2392 vel
442 2317 708 2397 adhibuerint,
751 2318 852 2390 nihil
888 2317 932 2391 in
968 2318 1201 2391 carminibus
1236 2317 1315 2392 illis
1351 2316 1488 2408 inesse,
1532 2318 1752 2393 censemust
1788 2315 1865 2391 nisi

105 2434 210 2513 forte
245 2434 366 2523 illud,
401 2437 507 2532 quod
542 2434 601 2507 de‘
622 2436 761 2507 mundi
788 2435 941 2535 origine
967 2435 1069 2533 apud
1095 2435 1261 2510 Psellum
1294 2438 1435 2537 legitur
1459 2440 1515 2535 (p.
1538 2460 1580 2529 a.
1606 2462 1642 2513 a.
1667 2436 1786 2531 Patr.)

492 2658 500 2675 ,
708 2571 830 2643 ἑαυτὸν
866 2572 886 2643 d
920 2573 1032 2669 πατὴρ
1056 2571 1202 2669 ,ἥρπασε
1223 2608 1279 2629 ·-·

107 2705 261 2804 opinati
286 2704 495 2786 fuerimus,
523 2731 544 2778 e
568 2708 784 2801 corruptela
811 2703 987 2779 exstitisse
1011 2708 1089 2780 loci
1116 2709 1212 2783 Phit
1241 2730 1286 2795 s,
1313 2712 1350 2783 6.
1403 2706 1477 2783 Sed
1513 2726 1552 2785 et
1585 2710 1660 2784 hoc
1694 2712 1817 2809 magis
1843 2736 1865 2781 ο

106 2825 293 2918 symbolis
322 2824 568 2897 orientalium
596 2825 831 2923 religionum
858 2824 1077 2897 ducendum
1103 2821 1176 2912 esi,
1215 2827 1357 2924 quibus
1392 2829 1510 2901 etiam
1546 2830 1865 2902 Manichaeorum

105 2944 246 3040 placita
265 2944 312 3012 de
329 2941 478 3033 direpto
496 2946 580 3011 Deo
602 2943 666 3009 usa
693 2944 793 3009 sunt.
846 2947 994 3027 Neque,
1009 2946 1104 3015 ,cim
1122 2966 1259 3011 meum
1272 2946 1441 3007 “mrim
1459 2945 1681 3009 Metabum
1706 2950 1864 3033 (pao,

105 3061 172 3147 a.)
197 3054 452 3145 ιίδωλοχαρῖνς,
481 3051 651 3142 ἀνόητος,
678 3045 749 3119 nifi
777 3044 923 3117 ethnici
950 3042 1063 3141 quid,
1090 3038 1197 3115 inest
1249 3044 1353 3119 Illud
1378 3050 1484 3120 enim
1511 3051 1735 3125 umbrarum
1761 3056 1864 3144 (non

104 3173 321 3260 idolorum)
350 3170 472 3241 sedem
498 3166 674 3241 denotat:
700 3166 776 3253 hoc
801 3160 1013 3259 stupidum,
1041 3162 1228 3257 quoniam
1253 3166 1418 3238 mortuis
1444 3166 1637 3251 habitetur
1669 3167 1734 3261 ¹¹).

210 3290 302 3376 Sed,
331 3305 375 3359 ut
402 3287 448 3358 ad
475 3286 662 3358 summam
688 3260 837 3355 causam
863 3298 1113 3367 revertamur,
1149 3285 1448 3355 Henneticontm
1471 3286 1663 3361 librorum
1690 3303 1863 3364 auctores

106 3412 223 3486 etiam
249 3404 445 3479 habendos
472 3400 543 3478 esse
569 3403 813 3487 Platonicos,
853 3399 1009 3472 alterius
1036 3398 1199 3487 scilicet,
1228 3418 1265 3473 et
1294 3398 1459 3476 castioris
1485 3407 1666 3502 quidem,
1694 3406 1862 3481 scholast

105 3548 254 3605 eertum
281 3524 393 3597 hodie
419 3523 578 3595 habetur
605 3521 800 3593 omnibus.
866 3519 1084 3591 Discrimen
1117 3518 1305 3615 opinandi
1331 3522 1446 3596 ineo
1473 3520 1552 3599 fere
1577 3526 1658 3599 solo
1687 3521 1861 3613 substitit,

107 3646 213 3749 qnod
239 3645 450 3717 etiamnum
477 3642 707 3739 quibusdam
742 3636 923 3736 antiquae
947 3636 1230 3737 Aegyptiorum
1263 3640 1458 3713 doctrinae
1485 3642 1527 3714 in
1554 3642 1665 3715 libris
1692 3639 1771 3715 istis
1798 3645 1861 3717 de·

106 3762 364 3865 prehendatur
400 3777 468 3832 aut
492 3758 679 3855 expofitio
706 3774 773 3831 aut
796 3752 1020 3855 vestigium,
1045 3772 1209 3856 negetur
1233 3756 1332 3832 aliis.
1410 3764 1462 3834 Et
1486 3762 1693 3850 novimus,
1729 3759 1776 3835 de
1800 3761 1862 3835 his

194 4067 234 4151 9)
267 4066 319 4129 Ad
357 4063 520 4152 gnollicos
551 4066 653 4153 igitur
683 4086 763 4130 em
798 4084 841 4127 ne
872 4084 945 4126 curu
1118 4063 1172 4140 ιι)
1194 4060 1347 4149 Ζήτησον
1378 4056 1579 4153 παράδεισον
1604 4093 1639 4157 p.
1673 4088 1712 4133 ιο
1742 4071 1774 4133 b.
1804 4071 1862 4133 vix

23 4172 26 4177 ’
110 4168 304 4238 iablonshio
327 4169 485 4250 aliisque,
524 4167 733 4229 Tiedemanno
755 4168 873 4243 etiam,
896 4188 945 4229 re-
1030 4166 1242 4253 originarium
1267 4170 1478 4239 arbitramur:
1510 4196 1638 4258 neque,
1670 4172 1729 4233 ubi
1753 4170 1862 4235 denuo

109 4277 216 4347 ieras,
248 4286 305 4333 aut
335 4271 444 4332 omnia
466 4282 523 4331 aut
544 4271 662 4354 aliqua.
1028 4266 1110 4328 illud
1131 4267 1244 4343 exstat,
1264 4294 1296 4356 p.
1316 4292 1365 4332 ιι.
1387 4295 1418 4336 a.
1440 4273 1522 4339 duos
1542 4275 1671 4348 versut,
1703 4286 1862 4337 contexto

198 4372 252 4445 to)
283 4371 530 4434 Deducentium
569 4392 686 4456 nempe
715 4372 751 4433 iu
785 4368 943 4433 muudum
1028 4371 1128 4431 etiam
1150 4369 1290 4433 sermoni
1312 4394 1377 4435 nou
1401 4376 1679 4439 accorumorlatosz
1712 4362 1862 4433 Μέλλων

108 4474 290 4560 spiritualia
323 4466 477 4549 (ἀφανὲς
505 4468 549 4546 εἷς
568 4463 744 4559 φανερόν).
814 4472 940 4537 Similis
1027 4455 1178 4551 aboadiqe
1192 4463 1278 4557 ἱερὸν
1295 4468 1495 4559 παρᾶὄεισον
1515 4462 1863 4559 ἂνοίγειν,Ἐν9’ἆρι·

110 4578 204 4641 vocis
226 4574 303 4637 usus
324 4572 452 4659 loseph.
476 4574 516 4637 B.
540 4576 568 4638 l.
590 4591 634 4651 a,
656 4581 698 4649 8,
728 4592 778 4635 ιι.
1028 4561 1094 4656 τὴ.
1117 4569 1223 4655 ooQia
1245 4593 1285 4638 τε
1308 4567 1365 4636 stoi
1388 4563 1526 4664 εὐνομία
1558 4570 1775 4661 συνάγονται.
