4860 5940
860 400 928 425 ...
1017 382 1079 452 ,7
1171 398 1240 519 '''.

174 576 357 671 ιἰγνωσία).
410 576 465 645 Ut
490 536 632 663 dyvoias
652 566 806 667 duplaret
833 568 994 654 innitere,
1023 572 1164 663 καρδίας
1189 569 1392 667 ὀφθαλμοί,
1435 572 1595 669 o'paalm
1622 596 1758 672 cupere
1784 584 1923 672 Deum,

172 722 298 793 neque
324 695 418 770 adeo
444 692 615 767 exaudiri
641 706 680 762 et
705 687 864 762 desdribi
881 686 1008 784 polle3
1037 688 1163 759 sensns
1183 688 1394 785 prohibere,
1419 694 1629 787 quominus
1649 699 1718 796 qui
1737 700 1920 799 spectent,

173 818 351 902 videant,
388 832 426 888 et
453 838 547 910 quae
574 812 646 882 alia
674 834 722 882 ex
746 808 806 881 Es.
835 814 881 899 6,
907 838 943 905 ι).
970 806 1234 907 similibusque
1257 810 1355 881 locis
1382 808 1603 885 redduntur.

274 973 325 1042 At
350 968 493 1039 librum
518 970 605 1050 nt,
631 964 817 1035 καθολικὸν
837 962 943 1055 λόγον
969 961 1220 1057 inscriptum,
1248 984 1270 1033 a
1295 958 1470 1037 Iudaicae
1496 962 1663 1041 familiae
1689 971 1922 1073 philosopho

174 1084 428 1182 compositum
455 1082 638 1181 opineris.
717 1080 821 1153 Illud
853 1098 952 1186 certe
978 1082 1025 1155 de
1059 1080 1162 1153 malo
1190 1084 1368 1169 ἃτειινὶιις,
1395 1080 1501 1181 quod
1524 1110 1562 1183 p.
1592 1109 1640 1183 ¹9
1668 1087 1703 1159 b.
1732 1091 1921 1177 describit,

173 1233 294 1303 eoque
320 1204 454 1291 refert,
482 1204 586 1299 quod
611 1206 697 1273 Deo
721 1202 841 1296 patris
867 1224 1010 1271 nomen
1038 1198 1101 1285 sit,
1130 1202 1330 1295 (μέγιστον,
1353 1202 1430 1289 ait,
1469 1202 1640 1301 ιἰτῦχημα
1668 1210 1724 1278 καὶ
1759 1214 1922 1311 ἀσέβημα

174 1327 282 1403 ἐστὶν,
327 1321 465 1395 ἅτεκνόν
509 1352 585 1393 τινα
617 1316 656 1411 ἔξ
687 1322 871 1415 ἀνθρώπων
896 1316 1164 1414 ὃπαλλαγῇναι)
1194 1320 1351 1393 Iudaico
1379 1322 1503 1395 sensui
1529 1324 1697 1397 maxime
1724 1332 1921 1407 convenit.

172 1446 247 1543 Qui
274 1444 449 1539 proxime
478 1441 707 1538 sequuntur,
733 1438 825 1511 libri
849 1436 1078 1521 Hermetici,
1107 1438 1323 1511 universam
1350 1442 1473 1541 magis
1500 1446 1730 1517 Platonisnri
1757 1446 1923 1525 sormam

172 1566 350 1637 reddunt.
411 1567 457 1634 In
492 1568 615 1637 αἰῶνος
640 1559 804 1631 notione
829 1558 1020 1653 plurimus
1047 1554 1096 1629 est
1121 1564 1188 1645 X„
1217 1578 1255 1629 et
1281 1558 1348 1645 fic,
1386 1578 1429 1631 ut
1455 1562 1600 1657 aliquid
1628 1564 1751 1637 maius
1779 1568 1923 1642 iutelli-

173 1700 259 1783 gat,
287 1706 349 1768 ac,
378 1681 482 1777 quod
509 1680 553 1751 iu
578 1680 681 1752 vitae
708 1678 858 1749 divinae
884 1675 1048 1749 notione
1076 1674 1174 1750 insit.
1247 1678 1467 1751 Proximam
1495 1680 1551 1751 ibi
1569 1682 1653 1755 nei
1680 1680 1923 1763 efficientiam

174 1800 454 1897 (spiritualem,
493 1796 830 1895 supernaturalem)
857 1797 1032 1867 denotat:
1059 1820 1185 1891 neque
1211 1797 1359 1869 alienus
1386 1800 1500 1893 plane
1528 1798 1560 1871 is
1599 1786 1688 1873 usus
1727 1800 1777 1875 est
1803 1832 1824 1876 a
1849 1806 1923 1881 ser·

170 1944 288 1993 mone
316 1924 543 1989 Graecorum
571 1916 766 2008 mythico;
803 1939 887 1987 nou
924 1910 1124 1987 Gnosticus
1158 1931 1320 1987 tantum.
1349 1906 1405 2007 ⁴⁶)
1481 1918 1543 1989 Sic
1568 1918 1702 1989 πιὶιτων
1731 1917 1832 1993 odaia
1859 1916 1924 2023 ap·

168 2039 334 2134 pellatur
361 2036 463 2114 αἰών,
491 2032 632 2131 δύναμις
658 2040 762 2119 θεοῦ,
789 2034 973 2128 sapientia
999 2034 1093 2118 Dei,
1121 2034 1258 2105 mundi
1284 2034 1412 2105 anima
1421 2062 1434 2120 ;
1461 2036 1706 2137 mundusque
1730 2039 1830 2135 ipse,
1872 2044 1921 2141 ἔρ·

170 2184 232 2248 γον
265 2160 327 2227 τοῦ
358 2160 501 2240 αἰῶνος,
545 2156 660 2225 etiam
692 2154 799 2225 εἰκὼν.
829 2144 884 2245 ⁴⁷)
951 2152 1145 2225 Peculiaro
1189 2150 1305 2224 etiam
1342 2152 1432 2227 huit
1469 2155 1592 2242 libro,
1636 2158 1742 2255 quod
1784 2159 1924 2235 mundi

50 2286 54 2295 '
169 2274 299 2373 imago
326 2274 367 2345 in
396 2273 493 2357 sole,
523 2273 612 2344 sotis
640 2274 682 2342 in
708 2270 867 2343 homine
894 2269 963 2343 else
989 2270 1141 2344 dicitur.
1215 2272 1332 2343 Plane
1358 2272 1577 2360 ethnicum,
1616 2274 1721 2370 qnod
1746 2298 1921 2379 negetur,

169 2398 298 2467 Deum
325 2388 393 2464 else
429 2391 711 2487 inadspectum,
747 2390 933 2487 quoniam
959 2412 1008 2459 ne
1036 2390 1224 2484 spectetur
1250 2390 1407 2488 quidem
1433 2392 1579 2489 aliquid
1611 2414 1758 2489 praeter
1781 2402 1922 2475 Deum.

169 2511 243 2585 sed
270 2506 416 2583 nostrae
436 2528 562 2581 tamen
589 2532 703 2582 voees
729 2509 773 2580 in
805 2508 867 2581 uis
890 2508 998 2593 sunt,
1026 2509 1130 2603 qnod
1153 2508 1272 2580 πάντα
1295 2512 1383 2608 ὁμοῦ
1411 2512 1614 2609 cogitanda
1641 2514 1840 2603 dicantur,
1879 2533 1924 2590 ut

168 2629 411 2723 concipiatur
436 2634 562 2711 Deua,
589 2653 627 2723 p.
656 2652 704 2701 ae
735 2628 789 2698 b.:
816 2654 838 2701 e
863 2628 977 2699 Sirac.
1005 2644 1068 2717 43,
1098 2650 1158 2721 29.
1188 2622 1245 2723 (τὸ
1264 2636 1335 2699 πᾶν
1358 2631 1446 2701 ἐστιν
1466 2624 1593 2721 αὐτός)
1621 2630 1803 2708 forsitan:
1831 2634 1926 2709 licut

168 2744 307 2821 nostrie
335 2746 572 2841 opponitur,
601 2748 705 2842 qnod
736 2742 879 2821 ibidem
904 2741 1085 2817 modestia
1110 2770 1192 2818 non
1220 2747 1368 2819 dicatur
1394 2748 1472 2819 sola
1499 2748 1681 2824 deducere
1709 2754 1757 2825 ad
1782 2759 1921 2827 Deum.

169 2866 550 2951 (Εᾶν-ταπεινῶσης
578 2868 765 2949 ψυχήν-
784 2858 849 2935 οὒκ
876 2862 950 2935 osta
971 2870 1026 2941 τίς
1045 2872 1135 2951 εἰμι.
1164 2859 1229 2935 οὒκ
1253 2862 1330 2937 olda
1348 2870 1403 2937 esc
1429 2866 1576 2955 ἔσομαι’.
1593 2872 1629 2935 rs
1651 2896 1703 2939 σοι
1729 2873 1785 2939 καὶ
1809 2872 1923 2959 ἒεῷς)

168 2984 319 3059 Deum,
348 2977 401 3045 ait
427 3002 464 3070 p.
495 2996 542 3061 23
570 2998 602 3043 a.
631 2974 812 3067 cognosci
838 2977 891 3057 τῷ
911 2968 1074 3037 δύνασθαι
1099 2978 1246 3057 γνῶναι,
1276 2978 1409 3050 θέλειν,
1433 2978 1598 3071 ἐλπίζειν,
1627 3006 1721 3073 quae
1749 2984 1923 3077 opposita

168 3094 282 3173 facile
308 3096 436 3166 credas
463 3089 607 3185 triplici
632 3086 783 3169 virtuti,
810 3104 928 3178 quam
951 3080 1154 3166 haberent,
1181 3084 1429 3174 apostolicae,
1456 3088 1749 3179 meminoris,
1777 3096 1868 3189 spei.

271 3268 323 3337 At
348 3253 543 3333 manifesta
571 3255 699 3327 denuo
726 3248 889 3321 redeunt
913 3241 1125 3319 nostrarum
1158 3272 1285 3320 rerum
1319 3245 1475 3349 vestigia
1507 3250 1611 3328 libro
1637 3262 1723 3329 XII.
1751 3278 1790 3332 et
1815 3268 1919 3339 xm.

167 3386 239 3461 Ille
266 3384 311 3455 de
339 3381 447 3471 Mitt·
475 3373 628 3447 creandi
655 3366 921 3453 instrumento,
948 3383 986 3439 et
1012 3360 1226 3441 distributo
1245 3368 1346 3463 iuter
1364 3368 1554 3457 homiues,
1580 3375 1792 3469 plurimum
1819 3383 1920 3481 egit3

169 3504 232 3577 sed
258 3502 440 3593 βάπτισμα
467 3495 582 3567 etiam
608 3486 778 3586 aliquod,
805 3492 915 3559 πίστει
942 3481 1167 3557 adiunctum
1184 3482 1363 3561 describit
1380 3512 1418 3586 p.
1448 3491 1496 3562 26
1524 3513 1579 3562 a:
1631 3492 1801 3569 Βιίιιτισον
1825 3529 1919 3581 orau-

169 3612 558 3713 τήν-ἣπιστεῦουσα
579 3648 642 3681 -.
685 3606 828 3678 Ἑαυτὸν
851 3610 980 3701 μισεῖν,
1008 3602 1175 3677 fomtula
1201 3622 1239 3676 et
1273 3603 1352 3701 ipsa
1388 3606 1480 3678 sacri
1516 3606 1713 3685 sermonis.
1753 3606 1919 3715 :Crateri

171 3739 287 3811 alicui
322 3733 499 3829 iuunergi
533 3730 686 3802 iubetur
720 3724 869 3809 anima3
908 3744 1005 3821 quae
1040 3724 1184 3795 nobilis
1222 3724 1266 3797 in
1301 3719 1487 3817 mysteriis
1513 3745 1551 3799 et
1577 3729 1677 3824 apud
1715 3733 1919 3811 Platonem

169 3908 375 3928 ”nn-—

251 4024 310 4103 46)
334 4020 387 4083 Est
408 4018 487 4082 bine
507 4014 675 4105 augendus
698 4012 737 4077 de
755 4014 854 4077 Dion.
878 4010 997 4095 Areop.
1083 4030 1141 4099 prr
1163 4001 1221 4071 nal
1244 4003 1391 4111 ivrpprlp
1414 4008 1470 4075 uel
1494 4011 1587 4077 or'du
1609 4052 1647 4063 —
1671 4020 1735 4085 boc
1757 4022 1915 4107 postremo

168 4128 318 4203 llbsllss‘r
347 4125 404 4186 ubl
435 4122 475 4185 ‘l‘
505 4139 532 4179 ν·
557 4112 637 4181 “llll
667 4114 836 4203 θῐΡθῖὓὶῑι
866 4136 900 4199 P·
926 4114 998 4197 296
1084 4114 1303 4179 sublimiorem
1327 4119 1461 4181 vivendi
1483 4120 1693 4198 facultatem,
1717 4128 1820 4187 veluti
1844 4149 1916 4211 par·

170 4230 298 4295 Comru.
328 4226 428 4289 theol.
454 4226 518 4297 (ln
549 4220 712 4283 Saucbuo.
736 4222 919 4303 fragmento
941 4240 1000 4281 ro·
1085 4221 1217 4280 ticulum
1247 4218 1380 4283 divinae
1415 4224 1523 4295 vitae,
1560 4224 1740 4309 significare
1775 4226 1914 4291 ridetur.

170 4334 319 4395 cabulnru
334 4328 414 4389 illud
436 4343 524 4391 tecte
537 4346 597 4411 pro
616 4320 745 4385 inverso
768 4336 894 4383 tantum
917 4320 1001 4383 chr·
1086 4320 1176 4383 alibi
1202 4323 1287 4383 enim
1305 4322 1402 4395 (sicut
1424 4324 1508 4409 apud
1525 4326 1690 4389 l’roclurul
1714 4316 1851 4401 ὃῦιαμις
1870 4345 1918 4393 at.

170 4456 231 4499 vae
252 4433 384 4495 nornine
407 4426 582 4503 babetur.)
632 4424 766 4487 Error-it
785 4424 821 4485 in
844 4421 895 4483 bie
917 4422 1001 4484 loci·
1087 4414 1319 4507 que‘itipyata
1341 4426 1427 4487 soloe
1445 4444 1736 4492 commemorantur
1759 4430 1917 4495 burrum

170 4536 319 4599 Tl⁰d⁰¹¹¹·
342 4546 396 4611 87·
419 4529 455 4595 ff·
1087 4542 1220 4589 naturae
1243 4528 1423 4591 facultates.

255 4638 316 4716 47)
339 4636 393 4697 Sic
422 4634 508 4697 libro
529 4630 593 4695 xl.
622 4631 741 4697 etiam:
773 4618 884 4713 ζῶμεν
905 4614 1001 4685 doud-
