4860 5940
1050 372 1417 444 ..„..

357 562 495 641 mundi
521 562 670 635 animae
696 561 823 660 imago
851 560 938 632 fuit.
1018 558 1122 631 Huic
1158 559 1194 632 se
1221 559 1343 657 igitur
1370 574 1408 628 et
1432 558 1544 631 rebus
1572 557 1831 653 superioribus
1865 554 2119 663 coniungere,

361 687 454 758 dum
480 683 564 755 suae
590 680 660 753 fibi
688 680 852 780 originis
879 676 1029 750 conscia
1053 676 1109 750 lit.
1162 678 1284 749 Libro
1313 683 1417 748 XIII.
1455 700 1551 773 quae
1576 702 1614 773 p.
1645 684 1690 766 36
1718 680 1755 750 b.
1782 680 1987 779 leguntur,
2013 700 2122 757 certe

361 809 530 876 Ioannea
557 799 736 889 sunta'O
765 798 898 871 aduror
927 802 1079 892 κρατῶν,
1108 797 1144 866 ἓν.
1173 806 1236 889 τῆς
1267 793 1419 891 ὑπεράνω
1446 797 1568 892 χώρας
1592 798 1662 867 ἐστι
1680 798 1899 873 dataro
1916 798 2029 873 adara
2059 830 2122 873 tta·

362 928 557 1015 τοβέβηκε,
588 921 643 989 aui
669 918 771 989 πάλιν
801 919 983 1010 ἀνέρχεται
1013 919 1066 985 ἵνα
1091 920 1242 1009 καταβῇ.
1311 916 1397 1003 (Io.
1428 936 1472 1001 3,
1504 936 1562 1002 13.
1593 911 1683 1011 31.)
2000 1006 2003 1011 Ι

465 1044 524 1113 De
550 1038 623 1109 fide
651 1036 814 1108 omnino
841 1034 1048 1129 multiplex
1072 1030 1197 1104 fuerat
1234 1033 1334 1105 inter
1358 1033 1579 1105 Platonicos
1618 1031 1815 1107 sententia.
1879 1037 2123 1131 Spemebant

364 1157 559 1254 plerique3
582 1154 647 1227 sed
670 1152 801 1225 Procli
820 1150 946 1224 schola
975 1151 1064 1222 fidei
1090 1151 1254 1223 notione
1276 1151 1472 1237 utebatur,
1500 1152 1591 1222 licet
1613 1152 1683 1224 suo
1701 1150 1819 1224 sensu.
1873 1159 1971 1225 Cum
1991 1154 2059 1247 his
2088 1173 2129 1227 et

364 1275 457 1349 libri
482 1280 563 1348 XV.
592 1290 723 1344 auctor
749 1268 874 1343 fecisse
901 1271 1112 1341 censebitur
1121 1298 1132 1354 3
1162 1270 1250 1363 qui,
1279 1270 1319 1340 ri
1340 1273 1538 1348 πιστεῦσαι,
1559 1268 1633 1357 ait,
1660 1272 1731 1342 ἐστι
1758 1278 1884 1365 νοῆσαι.
1935 1272 2125 1368 Antiquis

367 1393 607 1489 philosophis
634 1392 817 1463 norimus
844 1396 956 1461 πίστιν
983 1391 1127 1484 semper
1149 1388 1311 1459 minoris
1339 1385 1447 1459 fuiffe
1473 1388 1653 1460 habitam.
1706 1389 1825 1461 Libro
1846 1396 1931 1463 XX.
1950 1391 2128 1465 diximus

367 1514 447 1585 iam
474 1510 747 1607 cosurogoniae
773 1509 963 1579 Mosaicae
989 1504 1143 1604 vestigia
1171 1505 1413 1601 deprehendi.
1486 1506 1556 1577 Sed
1596 1532 1692 1602 quae
1719 1533 1757 1603 p.
1797 1531 1842 1597 51
1873 1533 1904 1581 a.
1937 1510 2129 1609 leguntur

369 1633 417 1702 de
443 1629 623 1701 universo
650 1652 779 1699 rertuu
805 1627 962 1721 spiritu:
991 1625 1168 1721 βαστάζον
1195 1626 1240 1695 τὰ
1266 1625 1398 1704 πάντα,
1425 1624 1499 1695 κατ’
1526 1624 1625 1714 ἀξίαν
1649 1630 1837 1721 ζωοποιοῦν
1857 1628 1912 1698 καὶ
1933 1632 2128 1725 τρέφον-
2207 1720 2211 1727 Ι

371 1754 455 1823 eS.
493 1753 527 1819 S.
566 1746 662 1818 locis
698 1744 810 1816 ducta
846 1744 955 1818 sunt:
994 1746 1082 1816 Ebr.
1123 1767 1157 1831 1,
1195 1762 1239 1831 3,
1281 1760 1320 1815 et
1352 1748 1521 1818 Ioanneo
1560 1745 1651 1833 illo,
1675 1808 1679 1817 .
1705 1744 1768 1825 cde
1801 1747 1906 1828 θέλει,
1938 1742 2126 1842 ζωοποιεῖ,

371 1887 409 1956 62
427 1890 488 1941 21·
1821 1956 1824 1961 ,
1863 1956 1866 1961 ,
2113 1950 2118 1957 .

477 2007 652 2075 Ceterum
679 2000 783 2098 quod
816 2001 862 2073 in
898 1976 972 2071 his.
994 1998 1104 2072 libris
1140 1998 1300 2073 subinde
1336 1998 1385 2072 ad
1419 2001 1536 2094 γενικᾶ
1573 2002 1758 2101 quaedam
1790 2019 2041 2097 provocetur,
2079 2002 2128 2073 in

375 2121 514 2220 quibus
541 2100 750 2193 accuratius
776 2120 967 2193 nonnulla
994 2117 1211 2214 exposuerit
1218 2146 1231 2205 ;
1270 2121 1365 2192 olim
1391 2122 1469 2209 ium
1496 2120 1703 2215 quaesitum
1730 2116 1795 2211 est.
1817 2112 1872 2211 ⁴⁸)
1944 2121 2128 2195 Imitatur

374 2240 453 2312 line
486 2237 604 2312 dubio
640 2222 921 2311 exotericorum
955 2255 1067 2332 atque
1102 2238 1390 2333 esotericorum,
1417 2224 1511 2309 ¹live
1554 2239 1773 2312 sermonum
1806 2237 1882 2311 five
1918 2236 2128 2325 librorum,
2169 2230 2180 2239 ’

375 2357 684 2447 distinctionem,
712 2360 813 2457 apud
838 2354 1077 2430 Aristotelem
1102 2356 1208 2427 et¹in
1241 2356 1324 2428 cius
1358 2355 1484 2428 schola
1518 2355 1703 2429 usitatam.
1730 2348 1785 2447 ⁴⁹)
1869 2356 1940 2427 Sed
1973 2356 2129 2431 diverso

376 2497 476 2551 certe
502 2475 728 2578 fignificatu.
805 2476 1139 2572 Philosophicam,
1180 2492 1219 2546 et
1254 2470 1465 2586 Aristotelis
1502 2475 1657 2569 quidem
1691 2475 1950 2571 disciplinam,
1989 2476 2132 2571 (quam

375 2599 623 2694 Porphyrius,
638 2599 766 2671 omnis
793 2594 1058 2693 philosophiae
1083 2597 1267 2693 isagogen
1292 2580 1443 2689 habuit)
1470 2592 1571 2666 libro
1599 2601 1662 2667 IV.
1691 2594 1941 2689 (compendio
1967 2594 2130 2683 γενικῶν)

377 2730 417 2784 et
442 2723 542 2789 XIV.
569 2736 631 2810 41.
659 2719 721 2805 b.,
757 2718 854 2789 dicit
887 2724 955 2787 τῶν
992 2711 1129 2805 γενικῶν
1166 2712 1346 2783 nomine:
1382 2729 1427 2783 ut
1460 2710 1684 2799 sublimior,
1711 2709 1866 2804 mystica
1892 2728 2131 2806 opponatur.

376 2838 608 2928 Popularem
639 2833 919 2913 institutionem
946 2832 1059 2916 alibi,
1086 2834 1169 2901 VII.
1197 2830 1275 2914 in.;
1303 2847 1341 2900 et
1367 2829 1545 2923 suspicari
1572 2830 1688 2901 etiam
1713 2833 1847 2918 liceat,
1888 2826 2135 2927 christianam

378 2944 459 3019 istic
477 2924 759 3020 institutionem
776 2945 982 3042 significari
998 2967 1055 3036 „ea
1082 2938 1262 3007 formula.
1317 2937 1636 3007 Omnino-autem
1664 2965 1868 3023 commune
1882 2942 1956 3015 hoc
1977 2943 2136 3039 ,semper

378 3064 455 3131 fuit
476 3065 661 3137 falsariis,
688 3080 733 3119 ut
759 3062 802 3117 aa
830 3064 950 3117 libros
977 3059 1136 3117 suorum
1162 3067 1362 3117 auctorum
1387 3051 1484 3119 alios
1517 3076 1792 3144 provocarent,
1821 3085 1989 3154 quorum
2013 3063 2137 3137 etiam

379 3160 854 3263 nomina'confingerent3
888 3180 933 3234 ut
959 3161 1135 3234 fraudem
1160 3162 1293 3234 fraude
1319 3185 1559 3238 exornarent.

483 3325 594 3396 Tales
621 3317 833 3389 Hermetici
857 3316 947 3387 libri
974 3312 1213 3403 exstiterant,
1248 3316 1296 3388 ad
1332 3343 1451 3413 quos,
1489 3337 1603 3415 atque
1638 3323 1687 3394 ad
1719 3327 1864 3424 reliqua
1891 3328 2135 3409 falsariorum

383 3442 541 3540 scripta,
569 3464 590 3511 e
614 3435 905 3510 Platonicorum
930 3434 1056 3506 schola
1091 3432 1237 3521 emissa,
1273 3438 1411 3509 reverti
1453 3436 1581 3510 denuo
1626 3440 1825 3532 iuberent,
1862 3451 1929 3544 qui
1955 3453 2024 3525 sec.
2044 3460 2136 3529 XV.

383 3581 423 3636 et
447 3565 546 3637 XVI.
572 3553 859 3655 philosophiam
884 3568 922 3627 et
946 3552 1184 3653 theologiam
1209 3548 1413 3631 instaurare
1450 3576 1649 3654 cuperent,
1690 3560 1937 3642 aristotelicis
1970 3569 2034 3643 illi
2069 3572 2138 3643 in·

383 3768 589 3787 w

466 3898 528 3982 43)
552 3901 669 3963 Galetu
692 3899 733 3962 ad
753 3898 868 3963 Iambl.
883 3898 925 3963 do
944 3897 1034 3984 myli.
1057 3898 1129 3983 t96.
1152 3903 1216 3964 Fa·
1302 3921 1387 3986 quae
1409 3896 1586 3985 ογενικοῖς
1605 3904 1769 3969 Hermetir
1791 3906 1876 3994 apud
1896 3906 2032 3972 seriores
2054 3908 2138 3975 scri-

383 4006 463 4068 bric·
485 4010 509 4067 l.
533 4026 560 4064 c.
584 4014 638 4079 87.
695 4003 811 4080 Certe,
842 4004 983 4087 quaein
1013 4004 1213 4068 Hermcticir
1301 4021 1415 4089 ptores
1444 4009 1545 4083 alios,
1580 4023 1619 4069 ut
1651 4008 1738 4093 apud
1759 4010 1962 4093 syncellum,
1987 4011 2140 4083 exllantt

384 4107 475 4173 tibris
496 4104 669 4167 laudantur
690 4094 824 4185 γενικᾶ,
855 4129 922 4167 non
945 4104 1076 4190 possunt
1098 4106 1114 4182 (
1125 4106 1214 4190 quod
1305 4107 2077 4194 licetasirologicaserefint:utdeDecani1(h.
2103 4138 2136 4181 e.

383 4208 436 4272 hir
463 4210 545 4271 viris
580 4208 728 4292 placuit)
761 4206 875 4270 eadem
912 4200 1112 4293 ‘Eppoi'naig
1146 4202 1213 4268 διοι-
1299 4208 1387 4272 astris
1409 4211 1658 4294 imperantibus:
1681 4217 1814 4276 nomine
1828 4214 1993 4278 chaldaico
2017 4214 2136 4295 dictis,

382 4300 530 4387 τάξεσιν,
554 4310 744 4396 astrologico
767 4309 871 4384 libro,
895 4309 1017 4371 haberi.
1033 4342 1077 4356 -
1110 4305 1211 4371 Ἐνι-
1298 4334 1366 4374 non
1404 4312 1604 4376 conserendo
1644 4336 1716 4376 cum
1738 4318 1887 4403 vulgari',
1921 4318 2021 4378 etiam
2060 4340 2137 4383 aca-

382 4401 435 4469 rtd
455 4412 540 4474 libro
556 4414 614 4479 lv.
631 4413 697 4476 sine
714 4410 808 4474 sensu
829 4409 1068 4476 Tiedemannus
1085 4417 1167 4499 legit
1187 4418 1209 4475 l.
1297 4414 1427 4476 demico
1447 4415 1536 4497 quod
1550 4438 1568 4478 e
1581 4418 1729 4480 Romano
1747 4416 1891 4482 sermone
1913 4416 2050 4479 ductum
2070 4420 2136 4493 eir

382 4534 411 4573 c.
435 4528 506 4575 112.
1295 4516 1375 4577 ficut
1393 4517 1533 4578 Kantion
1544 4540 1715 4602 perperam
1726 4521 1885 4597 contulit)
1900 4519 1941 4585 de
1956 4512 2137 4584 Ζωδιοκοῦ

464 4610 524 4698 49)
545 4614 591 4676 Et
612 4614 736 4683 diversa
765 4617 865 4682 ctiam
885 4617 972 4682 inter
992 4615 1026 4681 le
1047 4617 1208 4704 spectant,
1296 4606 1580 4680 ἂνοκατοοτᾶοεο
1613 4636 1677 4685 etc.
