4860 5940
823 382 1184 436 ..11-

128 555 341 633 tlteismum
367 556 437 637 suo
461 560 489 635 i.
516 585 548 636 e.
576 558 777 635 Platonico
803 562 921 636 modo
948 560 1142 649 defendier
1170 562 1239 660 qui
1264 558 1400 661 νοεροὺς
1424 560 1528 643 θεοὺς
1552 587 1624 661 pro
1648 563 1745 639 ideis
1773 565 1874 665 (spe-

128 674 206 750 cies
233 704 359 751 rerum
387 681 518 773 dicit),
546 680 735 775 αἰσθητοὺς
759 705 831 777 pro
858 707 987 754 rerum
1012 700 1146 755 natura
1174 684 1329 767 habeat;
1370 683 1416 753 ab
1452 685 1512 756 his
1539 702 1665 757 autem
1702 692 1873 761 Deorum

13 782 20 791 ⁸
126 792 316 895 imagines
338 794 545 887 discernat,
574 800 620 871 ab
648 801 873 874 hominibus
901 802 1115 888 consectas,
1143 803 1283 898 quibus
1311 802 1515 876 daemones
1543 804 1589 874 ab
1616 806 1754 880 iisdem
1782 832 1873 880 con·

127 912 351 1005 eludantur,
378 919 569 993 adiutores
595 922 823 994 bominum:
852 922 908 1017 (p.
938 929 960 995 6
988 946 1043 993 a:
1073 940 1299 1008 „evocantes
1326 922 1472 995 animas
1501 924 1751 1011 daemonum,
1778 929 1874 1001 ima·

125 1031 286 1130 ginibus
312 1037 594 1132 indiderunt.“)
624 1032 675 1131 ³²)
729 1046 834 1113 Tum
858 1040 921 1113 illi
947 1032 1174 1139 obloquitur
1197 1043 1312 1113 etiam
1339 1042 1409 1127 iis,
1447 1066 1545 1138 quae
1572 1045 1617 1115 de
1653 1046 1874 1119 aeternitate

122 1155 297 1247 exponit.
348 1160 444 1228 Eam
469 1163 737 1247 non-moveri,
765 1159 827 1231 sed
854 1184 941 1233 cum
965 1164 1051 1234 Deo
1077 1156 1246 1233 stabilem
1272 1156 1363 1247 esser
1393 1159 1482 1232 inde
1501 1177 1626 1233 autem
1645 1164 1795 1236 moveri
1819 1187 1874 1237 re·

122 1296 213 1343 nrm
239 1272 537 1351 universitatem.
598 1279 793 1351 Mundum
830 1278 924 1351 dicit
958 1280 1204 1353 vivacitatem
1240 1278 1485 1352 aeternitatis.
1543 1280 1741 1353 Nimirum
1780 1308 1876 1378 quo·
1927 1338 1931 1343 -

122 1390 230 1463 niam
265 1419 286 1465 e
324 1393 646 1491 philosophorum
680 1399 752 1471 usu
786 1397 975 1497 intelligit
1012 1396 1201 1471 formulas
1235 1394 1454 1471 christianas
1491 1404 1615 1477 aldeae
1650 1417 1688 1470 et
1723 1407 1872 1474 αἰωνίου.

121 1511 345 1599 Praesertim
380 1532 507 1587 autem
540 1517 667 1589 nobili
702 1516 909 1596 vaficinim
956 1542 1033 1613 quo
1068 1519 1114 1589 de
1149 1515 1300 1589 excidio
1343 1517 1488 1612 patriae
1535 1518 1734 1613 religionis
1769 1521 1872 1595 inter

120 1627 337 1727 Aegyptios
364 1635 540 1728 exposuit
567 1637 627 1724 (Ρ.
654 1654 691 1729 4,
721 1661 753 1709 a.
782 1626 833 1726 32)
862 1638 1068 1709 admodum
1096 1636 1209 1708 simili
1237 1635 1304 1721 iis,
1332 1661 1427 1731 quae
1454 1634 1554 1731 apud
1581 1639 1803 1730 Eunapium
1828 1640 1872 1713 in

122 1747 278 1823 Aedesio
303 1748 351 1822 de
376 1776 418 1824 ea
445 1778 485 1824 re
512 1753 706 1853 leguntur.
742 1760 857 1848 Syros
878 1755 931 1826 ait
949 1773 986 1828 et
1012 1755 1130 1827 Indos
1156 1754 1257 1827 sacra
1283 1756 1368 1827 loca
1394 1771 1646 1849 occupaturos
1669 1751 1750 1827 esse.
1767 1748 1819 1846 ³³)

224 1866 401 1956 Miraris,
437 1872 533 1967 quid
570 1874 687 1947 Indos
721 1875 859 1947 dixerit
867 1900 880 1960 3
914 1872 988 1945 nist
1023 1900 1093 1970 pro
1128 1869 1383 1945 remotissimis
1417 1872 1617 1969 quibusvis
1643 1874 1870 1951 nominatos

117 1984 312 2081 opineris,
347 2013 430 2060 non
474 2008 623 2085 praeter
656 1995 853 2090 antiquam
890 1992 1076 2088 loquendi
1114 1991 1444 2065 consuetudinem.
1515 1990 1586 2063 Sed
1621 1989 1763 2086 duplex
1796 1992 1870 2065 alia

120 2119 226 2199 patet
252 2104 451 2181 sententia:
486 2132 575 2195 una,
603 2108 933 2209 Gymnosophistis
969 2112 1180 2207 comparari
1215 2106 1508 2183 christianorum
1543 2127 1703 2194 ascetae,
1739 2111 1868 2197 altera,

121 2244 219 2317 quae
245 2243 403 2297 naturae
427 2250 487 2299 res
514 2228 685 2324 spernere
712 2249 750 2304 et
776 2233 952 2305 excedere
988 2232 1069 2304 visa
1096 2230 1260 2315 suerint,
1288 2245 1326 2301 et
1364 2228 1538 2301 doctrina
1572 2246 1610 2300 et
1635 2226 1867 2315 actionibus.

117 2342 250 2415 Indica
277 2361 362 2417 tum
389 2344 466 2417 iam
494 2348 682 2442 appellata
709 2347 829 2423 fuisse.
882 2356 1199 2439 „contemnetun
1236 2348 1482 2443 sequentibus
1501 2348 1567 2426 ait,
1593 2382 1648 2401 -··
1671 2364 1778 2428 totus
1805 2348 1868 2423 hic

117 2460 313 2549 mundus,
351 2464 426 2536 Dei
454 2489 550 2562 opus
576 2469 819 2541 immutabile
844 2506 897 2523 -
946 2468 1123 2541 tenebrae
1159 2454 1447 2564 praeponentui
1483 2466 1650 2553 lumini,
1690 2483 1730 2537 et
1763 2490 1868 2541 mors

116 2574 200 2651 vita
225 2582 363 2653 melior
400 2583 643 2657 iudicabitur.
704 2587 845 2659 Anima
880 2604 918 2659 et
953 2589 1082 2661 curnis
1120 2588 1217 2660 circa
1252 2610 1336 2658 eam
1370 2584 1570 2680 putabitur
1595 2583 1785 2657 vanitas‘·
1815 2575 1866 2674 ³⁴)

118 2702 263 2771 Contra
297 2701 396 2807 lianc
428 2703 551 2801 igitur
587 2704 760 2801 ipsorum
797 2707 990 2779 librorum
1034 2706 1263 2778 sententiam
1304 2703 1337 2777 ii
1372 2728 1499 2799 nuper
1532 2701 1673 2788 fecere,
1728 2703 1868 2798 quibus

115 2817 319 2913 Indicetin
347 2822 576 2896 Hermeticis
602 2822 713 2896 libris
740 2823 887 2899 decreta
916 2822 1031 2898 inesse
1058 2823 1319 2909 crederenturs
1345 2824 1438 2895 licet
1471 2847 1595 2917 nuper
1620 2822 1776 2894 demum
1802 2821 1870 2893 illa

113 2934 246 3005 verius
273 2940 450 3032 cognita,
476 2940 652 3009 lubentes
679 2942 979 3009 concesserimus.
1008 2936 1060 3025 ³³)
1096 2950 1252 3009 Etenim
1275 2940 1496 3010 siuniversa
1519 2941 1716 3029 quaedam.
1744 2941 1868 3009 orien-

114 3050 253 3123 talium
280 3050 481 3123 sententiis
508 3054 749 3149 pervulgata,
777 3053 992 3145 exceperis,
1019 3065 1057 3120 et
1082 3051 1281 3145 ambiguas
1308 3052 1492 3140 quasdam
1517 3049 1717 3149 imagines,
1744 3074 1868 3144 neque

114 3192 180 3243 eas
204 3186 333 3241 tamen
352 3169 539 3242 Indorum
564 3169 750 3265 proprias,
777 3185 823 3239 ut
848 3190 937 3239 cum
957 3166 1031 3238 Dei
1057 3165 1161 3239 ideae
1179 3164 1418 3262 imaginibus
1439 3188 1459 3235 e
1482 3163 1868 3260 speculocomparan·

114 3303 183 3359 tur
208 3284 313 3384 (ὅρων
339 3293 357 3359 1
383 3291 457 3378 e.):
484 3288 595 3360 nulla
620 3285 685 3361 ista
712 3287 754 3359 in
782 3285 1008 3359 Hermeticis
1035 3283 1183 3382 scriptis
1210 3284 1325 3367 sunt3
1366 3298 1404 3354 et
1429 3283 1542 3378 plane
1568 3281 1614 3353 ab
1641 3282 1701 3355 his
1728 3282 1864 3369 aliena,

115 3430 213 3504 quae
238 3405 425 3479 summam
452 3405 637 3479 Indorum
664 3404 881 3479 doctrinam
907 3404 1140 3490 conficiunt,
1167 3402 1269 3479 nibil
1295 3401 1377 3473 veri
1403 3397 1474 3473 eise
1500 3399 1541 3473 in
1562 3422 1690 3473 renam
1716 3418 1863 3483 natura.

114 3542 262 3621 praeter
288 3526 524 3622 spiritualem
549 3525 654 3613 vim,
683 3544 722 3598 et
747 3522 816 3599 eise
841 3526 940 3597 hanc
966 3522 1045 3597 sola
1071 3520 1401 3619 contemplatione
1419 3518 1732 3619 contingendam.
1771 3521 1866 3595 Tale

113 3696 320 3717 μ..-

200 3796 548 3875 31)Alia1amblicbi
579 3798 686 3883 (mysi.
722 3801 806 3885 Aeg.
838 3815 868 3876 a,
893 3819 944 3861 ιι.
1117 3795 1175 3876 34)
1198 3798 1246 3861 Ut
1276 3796 1362 3858 inter
1400 3790 1550 3860 Sirenses
1580 3815 1685 3877 nuper
1706 3815 1864 3857 memora·

115 3897 212 3961 Phoe
237 3897 315 3973 215)
339 3901 511 3987 Proclique
535 3901 684 3981 theurgia
711 3900 843 3975 exstitit,
868 3923 945 3963 con·
1029 3900 1092 3963 bili
1114 3904 1205 3985 lege,
1229 3896 1381 3961 adversus
1402 3892 1593 3959 christianos
1615 3900 1679 3957 lata
1710 3894 1744 3970 (s
1769 3902 1863 3974 ¹8⁰5.

114 4001 243 4064 eiliatio
266 4022 382 4089 nempe
404 4005 574 4079 Deonsm,
597 4004 795 4091 imaginibus
817 4000 945 4088 expres·
1031 4004 1078 4065 cs.
1108 3999 1250 4064 Stseudl.
1287 4015 1321 4063 et
1350 3996 1554 4063 Tesebirner.
1604 3997 1725 4061 Archiv
1755 4000 1771 4059 f
1783 4043 1791 4058 .
1831 3997 1861 4059 d.

114 4100 234 4165 sorum.
1031 4104 1072 4168 l(-
1091 4102 1130 4167 G.
1153 4106 1183 4179 1,
1203 4102 1248 4175 t.)
1268 4102 1468 4187 propositum
1491 4101 1577 4171 suit,
1601 4098 1756 4162 ludorum
1777 4098 1862 4163 bans

201 4204 261 4281 32)
282 4205 456 4290 Sequimur
486 4206 520 4268 in
542 4206 712 4270 laudandis
742 4211 824 4271 locis
859 4209 944 4270 Her·
1032 4205 1092 4270 esse
1109 4207 1323 4291 religionem,
1348 4225 1442 4287 quam
1466 4203 1515 4262 illi
1537 4199 1760 4285 profiteantur.

115 4306 265 4379 metiris,
289 4307 465 4370 editionem
488 4311 541 4370 Fr.
565 4310 718 4385 Pntritii,
743 4314 827 4373 Ven.
854 4314 944 4393 1593.
1080 4298 1087 4307 ’
1117 4308 1175 4384 35)
1203 4306 1327 4367 Caroee'
1351 4305 1381 4365 d·
1406 4300 1625 4389 asseirsselignr.
1645 4302 1861 4381 liis-clre5o9.

201 4409 259 4485 33)
282 4409 511 4483 „inhabitabit
543 4410 730 4497 Aegyptum
760 4413 860 4493 Syrus
890 4429 945 4472 aut
1031 4408 1163 4471 Scilicet
1187 4407 1353 4469 Goerresii
1375 4428 1411 4468 es
1436 4407 1499 4467 iarn
1521 4404 1680 4467 sententia
1709 4403 1861 4476 fuerat‚1.

116 4507 241 4583 indus,
275 4525 331 4572 sut
359 4512 477 4597 aliquis
509 4514 595 4578 talis.
649 4514 820 4578 Divinitas
858 4515 945 4577 enim
1032 4534 1061 4575 e.
1084 4514 1132 4575 11·
1154 4519 1218 4592 4t9
1242 4507 1276 4573 ff.

112 4622 243 4696 repetet
265 4614 504 4691 enatura,etc.“

1376 4732 1453 4798 Ba
