4860 5940
1269 376 1628 426 ...η-

579 530 694 653 etiam
722 584 990 666 argumentum
1018 561 1133 639 exstat
1158 565 1241 637 eius
1266 562 1513 637 monumenti
1525 558 1545 649 ,'
1562 561 1623 633 ad.
1639 564 1744 659 quod
1770 562 1832 636 illi
1859 561 2093 662 potiffimum
2116 592 2336 666 respexere,

581 688 933 786 Bhagovodstita
968 685 1071 757 dicti.
1102 674 1152 775 ³⁶)
1207 684 1278 755 Sed
1304 681 1540 786 redeundum
1568 684 1614 753 ad
1640 683 1761 778 ipsam
1786 710 1879 756 rem.

684 815 782 878 Cum
809 802 1049 877 christianam
1075 800 1157 873 istic
1182 803 1412 900 religionem
1446 801 1646 895 Asclepius
1673 803 1870 890 describit,
1914 831 2030 901 quem
2068 831 2110 899 ea
2141 806 2228 878 Diis
2255 806 2338 879 ini·

578 925 679 996 mica
705 922 909 1009 exstiterit,
937 920 1168 994 usitatissima
1205 920 1413 993 Platonicis
1448 919 1609 1014 repetit,
1646 946 1742 1016 quae
1778 942 1866 995 ante
1898 925 1975 995 iam
2012 925 2337 999 commemoravi·

577 1068 678 1129 mus,
705 1068 763 1115 res
791 1063 903 1138 atque
929 1043 1050 1115 vitem
1078 1067 1148 1137 pro
1175 1036 1382 1112 vaniffimis
1409 1035 1491 1110 istic
1526 1039 1678 1125 haberi3
1719 1037 1793 1112 sed'
1814 1066 1918 1115 nova
1951 1063 2089 1115 cuncta
2127 1070 2195 1141 per
2229 1047 2335 1116 banc

577 1159 723 1234 institui
751 1163 794 1231 in
822 1161 977 1231 civitate
1004 1177 1116 1255 atque
1142 1160 1183 1230 in
1210 1156 1409 1255 religione.
1462 1156 1533 1229 Sed
1561 1157 1649 1228 sunt
1675 1168 1804 1232 tamen
1839 1160 1958 1232 etiam
1982 1162 2025 1233 in
2052 1162 2233 1256 Asclepio
2259 1162 2337 1234 ali·

578 1304 652 1377 qua
691 1276 846 1376 vestigia
881 1279 1144 1350 adhibitorum
1177 1276 1367 1347 librorum
1403 1277 1593 1348 sacrorum
1619 1279 1927 1375 placitorumque
1962 1277 2264 1366 christianorum,
2293 1298 2337 1353 et

576 1396 625 1469 sic
661 1400 836 1492 quidem,
889 1415 936 1468 ut
971 1397 1013 1466 in
1049 1395 1269 1491 praecipuas
1312 1394 1525 1465 scholarum
1563 1392 1716 1467 istarum
1759 1398 1965 1493 opiniones
2010 1400 2334 1494 detorquerentur

534 1516 609 1586 ·-ii
636 1541 787 1611 quoque
813 1516 912 1600 loci,
942 1540 1106 1611 quorum
1132 1537 1272 1610 magna
1309 1513 1369 1585 vis
1406 1511 1618 1584 crederetur
1652 1516 1753 1587 inter
1788 1513 2020 1588 christianos.
2083 1519 2143 1589 sic
2169 1543 2207 1612 p.
2235 1524 2268 1591 1.
2298 1544 2335 1592 a.

579 1660 729 1721 „unum
757 1635 911 1719 omnin,
940 1633 1013 1717 ait,
1043 1634 1130 1728 quia
1158 1633 1199 1702 in
1229 1648 1394 1703 creatore
1421 1630 1579 1703 fuerunt
1604 1634 1747 1719 omnia,
1775 1652 1979 1729 antequam
2001 1633 2151 1708 creasset
2172 1635 2334 1721 omniu

579 1753 687 1824 cuius
731 1750 901 1822 membre
944 1752 1035 1822 sunt
1070 1752 1241 1822 omnia.“
1266 1788 1320 1831 -·.·
1369 1755 1536 1844 Nempe,
1590 1768 1635 1822 ut
1672 1751 1951 1825 membrorum.
1979 1754 2209 1852 imaginem,
2258 1778 2330 1827 ve·

577 1872 721 1942 teribus
748 1871 789 1940 in
817 1866 882 1940 ista
910 1869 1133 1955 causa,nis1
1161 1867 1352 1953 fallimur,
1381 1869 1492 1960 plane
1517 1866 1768 1957 insolentem,
1797 1873 2001 1966 opinemur
2027 1898 2047 1942 e
2073 1872 2169 1944 locis
2195 1878 2214 1943 I
2241 1877 2333 1946 Cor.

579 2012 641 2076 ιο,
673 2013 743 2079 17,
771 1989 866 2083 Eph.
895 2007 933 2080 4,
966 1994 1022 2060 16.
1050 1989 1097 2059 al.
1128 1988 1214 2059 coll.
1243 1987 1325 2056 Act.
1360 2008 1416 2073 17,
1447 2008 1506 2073 23.
1536 1988 1766 2074 desumtam3
1816 2009 1917 2062 certe
1943 1990 2048 2085 prius
2075 1989 2173 2062 illud
2199 2016 2219 2062 e
2245 2016 2336 2064 ver·

577 2107 638 2179 bis
665 2114 720 2205 Io.
750 2132 783 2193 1,
804 2129 838 2192 3.
857 2126 893 2200 4.
915 2105 1008 2179 licut
1021 2107 1117 2179 olim
1139 2107 1277 2202 scripta
1303 2105 1402 2189 sunt,
1431 2103 1589 2176 ductum
1616 2100 1684 2203 e'st:
1713 2106 1733 2179 ὅ
1755 2111 1908 2200 γέγονεν,
1938 2110 1969 2179 ἐν
1994 2105 2091 2198 αὐτῷ
2113 2109 2184 2202 ζωὴ
2207 2103 2257 2201 ἦν.
2276 2146 2334 2162 -

577 2229 617 2295 Ρ.
645 2233 675 2295 Ι.
702 2226 762 2298 b.:
790 2250 835 2310 „a
872 2225 1096 2321 supradictis
1133 2224 1314 2296 omnibus
1341 2218 1607 2324 frequentatio
1643 2223 1773 2313 fertur,
1811 2226 1978 2301 influens
2004 2253 2072 2323 per
2108 2227 2333 2299 mundum“

577 2360 646 2415 etc.
701 2345 857 2415 Ebmica
885 2368 925 2416 ea
953 2370 1031 2416 vox
1057 2342 1107 2419 est
1132 2341 1454 2439 frequentationis
1463 2370 1475 2426 3
1504 2340 1659 2415 forsitan
1686 2345 1799 2416 ducta
1826 2347 1918 2416 haec
1953 2347 2129 2417 omniae
2164 2351 2249 2439 Sap.
2292 2368 2332 2435 3,

564 2483 651 2548 -13,
680 2464 767 2548 ubi,
795 2465 870 2535 alio
899 2446 1056 2559 quidem
1073 2462 1201 2546 sensu,
1237 2462 1398 2554 ἐπισκοπὴ
1418 2468 1554 2555 ψυχῶν
1578 2483 1918 2565 commemoratur:
1947 2465 2083 2555 (etiam
2104 2490 2138 2557 9.
2161 2466 2335 2560 ἐπεσκοπῆ

576 2579 609 2650 ἐν
636 2589 718 2657 τοῖς
745 2585 860 2662 ὁσίοις,
888 2584 1018 2655 elect.
1046 2583 1129 2654 cod.
1155 2566 1284 2670 illex.)
1321 2618 1374 2632 —
1435 2584 1476 2651 P.
1516 2601 1550 2666 3.
1587 2581 1624 2652 b.
1679 2584 1861 2668 „Omnia,
1902 2583 1975 2668 ait,
2020 2583 2220 2676 utriusque
2257 2580 2334 2656 elle

576 2696 697 2768 sexus.
725 2738 776 2751 —
802 2702 896 2771 Eius
924 2702 1133 2787 connexio,
1162 2718 1229 2770 aut
1255 2699 1359 2794 quod
1385 2693 1435 2768 est
1460 2698 1609 2785 verius,
1636 2702 1776 2772 verius
1811 2698 2207 2794 incomprehenhbilis
2234 2697 2332 2774 est.“

575 2853 627 2869 -—
653 2818 766 2887 Redit
791 2818 889 2888 illud
916 2821 1119 2891 Poemand.
1139 2824 1176 2889 -Ι,
1204 2837 1239 2907 4.
1268 2817 1304 2887 b.
1333 2825 1399 2885 πᾶν
1419 2815 1459 2885 τὸ
1479 2814 1515 2885 ὅν
1534 2816 1657 2889 δισσόν.
1688 2822 1719 2888 Ε
1746 2819 1859 2889 Sirac.
1881 2817 2150 2910 [puerperium
2177 2820 2277 2889 δισσὰ
2294 2821 2335 2892 ἓν

575 2941 752 3005 κατέναντι
779 2937 944 3019 rostitit,
974 2962 1068 3030 quae
1080 2954 1116 3005 et
1137 2934 1229 3028 ipsa,
1259 2958 1347 3001 cum
1366 2933 1629 3021 sequentibus:
1659 2936 1691 3003 ἓν
1709 2941 1772 3003 τοῦ
1796 2937 1869 3010 ἑνὸς
1889 2937 2063 3029 ἐστερέωσε
2076 2937 2121 3005 τὰ
2142 2936 2336 3024 ἀγαθά-

575 3048 740 3116 fonnem
767 3050 1045 3112 'Alexandrinae
1071 3047 1389 3135 philosophorum
1418 3045 1626 3112 sententiae
1647 3048 1828 3117 referunt.
1886 3053 1957 3119 Sed
1997 3051 2042 3120 de
2070 3053 2228 3125 veritate
2268 3056 2334 3126 in·

577 3158 908 3256 comprehensibili
935 3161 1037 3256 quod
1061 3159 1221 3243 dicitur,
1249 3181 1384 3229 nonne
1412 3156 1457 3227 ad
1484 3155 1580 3252 Eph.
1608 3181 1644 3245 5,
1675 3183 1745 3247 32..
1773 3163 1916 3248 locum,
1944 3182 1983 3235 et
2018 3165 2146 3262 ipsum
2173 3168 2254 3242 fere
2279 3170 2333 3245 de

577 3281 736 3352 sexuum
764 3278 960 3352 connubio
986 3277 1246 3362 intellectum,
1274 3272 1475 3347 manifesto
1503 3274 1695 3371 respexit?
1719 3318 1772 3334 -
1806 3282 1919 3353 Plura
1940 3262 2058 3355 etiam
2083 3287 2126 3359 in
2150 3305 2330 3365 extremo

575 3400 707 3471 libello
731 3407 931 3496 leguntur,
960 3420 1055 3490 quae
1082 3398 1128 3467 ad
1155 3392 1279 3468 sacrae'
1299 3419 1358 3466 res
1385 3411 1423 3465 et
1448 3392 1666 3471 christianas
1693 3399 1875 3495 respicere
1902 3403 2115 3476 videantur.
2157 3409 2329 3498 Etenim,

574 3516 603 3588 fi
621 3513 797 3618 salvatos
824 3517 974 3585 numine
1000 3514 1137 3587 divino
1165 3512 1336 3586 omiseris
1366 3514 1481 3609 (quae
1509 3519 1727 3589 communis
1750 3518 1919 3591 formula
1939 3521 2068 3593 haberi
2087 3527 2217 3619 queat)
2244 3524 2329 3601 duo

576 3635 666 3706 sunt
690 3637 788 3720 loci,
818 3634 886 3729 qui
924 3638 1137 3705 Ioanneum
1173 3633 1415 3730 evangelirmr
1449 3633 1629 3707 reddant:
1667 3660 1688 3724 5
1716 3661 1773 3709 u:
1827 3645 1967 3725 „Deus-
1993 3659 2099 3737 poter
2132 3644 2329 3733 omnium,

576 3756 645 3849 qui
672 3755 773 3825 solus
800 3748 849 3823 est
873 3751 1023 3837 omnia,
1052 3751 1221 3825 omnibus
1243 3744 1289 3853 se
1314 3748 1471 3821 libenter
1498 3755 1685 3824 ostendit“
1712 3792 1765 3809 -
1816 3774 1855 3828 et
1881 3764 1916 3844 6,
1945 3760 2005 3831 b.:
2043 3763 2192 3844 „Vitae
2225 3787 2329 3835 vera

574 3873 661 3957 via,
687 3888 867 3940 natorum
895 3870 1073 3941 omnium
1091 3870 1277 3943 foecunda
1299 3868 1540 3967 generatio“;
1558 3907 1610 3923 -
1646 3892 1807 3970 uterque
1833 3882 1887 3948 lo.
1917 3903 1976 3966 14,
2005 3880 2027 3947 6
2053 3914 2108 3930 -
2132 3904 2168 3970 9.

677 3987 787 4061 Libri
814 3989 962 4084 aliquot
988 3987 1085 4091 spor,
1113 3990 1284 4061 adiuncti
1302 3987 1380 4063 fere
1402 3987 1591 4089 Aeclepio,
1618 3990 1832 4091 fragmenta
1852 3994 2035 4067 exhibent
2056 3995 2225 4067 eiusdem
2244 3995 2329 4073 for·

558 4078 670 4182 ,man
689 4108 853 4180 auctoris
874 4104 1015 4180 omnia.
1032 4100 1083 4200 ³⁷)
1111 4114 1286 4207 Quorum
1300 4115 1367 4184 111.
1390 4110 1505 4188 verba
1520 4110 1653 4182 habet:
1683 4115 1838 4193 ἁὲνναος,
1867 4114 1935 4186 ἀπὸ
1954 4122 2017 4209 ’τῆς
2038 4116 2139 4185 ἐκεῖσε
2158 4116 2329 4213 ἐνεργείας

572 4282 779 4302 ⁸——

659 4401 715 4474 36)
745 4399 905 4463 Reddidit
936 4422 1041 4483 nuper
1070 4403 1156 4465 inter
1186 4400 1340 4465 nostrates
1360 4402 1404 4465 A.
1493 4400 1584 4464 boldt
1615 4402 1768 4487 exposuit
1783 4406 1941 4489 peculiari
1962 4404 2059 4466 libro.

582 4497 618 4560 6.
645 4501 792 4582 Schlegel
821 4503 930 4581 (1823.
963 4503 1014 4565 Os.
1037 4526 1071 4587 p.
1105 4512 1168 4582 134
1196 4503 1232 4565 ll.
1258 4504 1404 4585 149141
1577 4500 1636 4584 37)
1657 4506 1723 4567 Lib
1746 4507 1792 4567 11.
1816 4528 1844 4569 e.
1867 4529 1941 4569 cum
1962 4506 2065 4582 dicit,
2098 4503 2238 4569 colende
2260 4506 2325 4573 effe

574 4599 615 4663 de
633 4599 781 4665 doctrine
804 4605 950 4669 eiusdem
977 4604 1205 4670 Illustrissimue
1236 4604 1271 4677 G·
1305 4607 1403 4669 Hum-
1490 4596 1701 4693 ἂγὰλματᾱ,
1733 4594 1775 4684 ὡς
1796 4597 1853 4668 καὶ
1877 4593 1969 4671 αὐτὰ
1991 4600 2078 4685 ἰδέας
2099 4597 2232 4692 ἔχοντα
2254 4600 2326 4673 itti
2355 4684 2371 4701 ἢ
