<?xml version="1.0" encoding="UTF-8"?>
<!DOCTYPE html PUBLIC "-//W3C//DTD XHTML 1.0 Transitional//EN"
    "http://www.w3.org/TR/xhtml1/DTD/xhtml1-transitional.dtd">
<html xmlns="http://www.w3.org/1999/xhtml" xml:lang="en" lang="en">
 <head>
  <title>
</title>
<meta http-equiv="Content-Type" content="text/html;charset=utf-8" />
  <meta name='ocr-system' content='tesseract 3.04.00' />
  <meta name='ocr-capabilities' content='ocr_page ocr_carea ocr_par ocr_line ocrx_word'/>
</head>
<body>
  <div class='ocr_page' id='page_1' title='image "./delibrorumherme00baumgoog_0009.png"; bbox 0 0 4860 5940; ppageno 0'>
   <div class='ocr_carea' id='block_1_1' title="bbox 1020 324 1366 401">
    <p class='ocr_par' dir='ltr' id='par_1_1' title="bbox 1020 324 1366 401">
     <span class='ocr_line' id='line_1_1' title="bbox 1020 324 1366 401; baseline 0.012 -26"><span class='ocrx_word' id='word_1_1' title='bbox 1020 324 1366 401; x_wconf 46' lang='lat' dir='ltr'>ma...</span> 
     </span>
    </p>
   </div>
   <div class='ocr_carea' id='block_1_2' title="bbox 223 520 2116 2167">
    <p class='ocr_par' dir='ltr' id='par_1_2' title="bbox 223 520 2116 2167">
     <span class='ocr_line' id='line_1_2' title="bbox 318 520 2069 623; baseline -0.003 -14"><span class='ocrx_word' id='word_1_2' title='bbox 318 537 431 609; x_wconf 88' lang='lat' dir='ltr'>etiam</span> <span class='ocrx_word' id='word_1_3' title='bbox 456 528 724 603; x_wconf 75' lang='lat' dir='ltr'>monumentis</span> <span class='ocrx_word' id='word_1_4' title='bbox 758 551 882 622; x_wconf 84' lang='lat' dir='ltr'>nuper</span> <span class='ocrx_word' id='word_1_5' title='bbox 907 524 1115 623; x_wconf 89' lang='lat' dir='ltr'>quaesitum</span> <span class='ocrx_word' id='word_1_6' title='bbox 1153 520 1264 597; x_wconf 84' lang='lat' dir='ltr'>fuisse</span> <span class='ocrx_word' id='word_1_7' title='bbox 1291 525 1605 622; x_wconf 85' lang='lat' dir='ltr'>e‘t&#39;disceptatum</span> <span class='ocrx_word' id='word_1_8' title='bbox 1633 532 1680 601; x_wconf 88' lang='lat' dir='ltr'>ea&#39;</span> <span class='ocrx_word' id='word_1_9' title='bbox 1700 528 1793 614; x_wconf 88' lang='lat' dir='ltr'>lite,</span> <span class='ocrx_word' id='word_1_10' title='bbox 1821 553 1918 623; x_wconf 90' lang='lat' dir='ltr'>quae</span> <span class='ocrx_word' id='word_1_11' title='bbox 1941 525 2069 604; x_wconf 84' lang='lat' dir='ltr'>voffio</span> 
     </span>
     <span class='ocr_line' id='line_1_3' title="bbox 319 639 2072 747; baseline -0.004 -18"><span class='ocrx_word' id='word_1_12' title='bbox 319 682 405 734; x_wconf 88' lang='lat' dir='ltr'>cum</span> <span class='ocrx_word' id='word_1_13' title='bbox 434 660 627 737; x_wconf 50' lang='lat' dir='ltr'>Creuzero,</span> <span class='ocrx_word' id='word_1_14' title='bbox 657 643 875 732; x_wconf 75' lang='lat' dir='ltr'>intercessit:</span> <span class='ocrx_word' id='word_1_15' title='bbox 903 663 942 719; x_wconf 92' lang='lat' dir='ltr'>et</span> <span class='ocrx_word' id='word_1_16' title='bbox 974 646 1122 741; x_wconf 87' lang='lat' dir='ltr'>primus</span> <span class='ocrx_word' id='word_1_17' title='bbox 1157 670 1281 740; x_wconf 82' lang='lat' dir='ltr'>nuper</span> <span class='ocrx_word' id='word_1_18' title='bbox 1307 643 1517 718; x_wconf 86' lang='lat' dir='ltr'>Goer&#39;relius</span> <span class='ocrx_word' id='word_1_19' title='bbox 1547 639 1598 737; x_wconf 85' lang='lat'>¹²)</span> <span class='ocrx_word' id='word_1_20' title='bbox 1624 647 1816 719; x_wconf 89' lang='lat' dir='ltr'>librorum</span> <span class='ocrx_word' id='word_1_21' title='bbox 1842 664 2072 747; x_wconf 79' lang='lat' dir='ltr'>argumento</span> 
     </span>
     <span class='ocr_line' id='line_1_4' title="bbox 319 762 2070 866; baseline -0.007 -16"><span class='ocrx_word' id='word_1_22' title='bbox 319 781 445 850; x_wconf 89' lang='lat' dir='ltr'>denuo</span> <span class='ocrx_word' id='word_1_23' title='bbox 483 765 746 866; x_wconf 81' lang='lat' dir='ltr'>patrocinatus</span> <span class='ocrx_word' id='word_1_24' title='bbox 783 762 842 839; x_wconf 90' lang='lat' dir='ltr'>est.</span> <span class='ocrx_word' id='word_1_25' title='bbox 922 771 1027 861; x_wconf 88' lang='lat' dir='ltr'>Quae</span> <span class='ocrx_word' id='word_1_26' title='bbox 1062 783 1189 837; x_wconf 90' lang='lat' dir='ltr'>autem</span> <span class='ocrx_word' id='word_1_27' title='bbox 1225 763 1460 837; x_wconf 87' lang='lat' dir='ltr'>sacerdotum</span> <span class='ocrx_word' id='word_1_28' title='bbox 1504 768 1828 864; x_wconf 78' lang='lat' dir='ltr'>Aegyptiacorum</span> <span class='ocrx_word' id='word_1_29' title='bbox 1871 765 2070 838; x_wconf 89' lang='lat' dir='ltr'>doctrinae</span> 
     </span>
     <span class='ocr_line' id='line_1_5' title="bbox 319 870 2116 984; baseline -0.006 -16"><span class='ocrx_word' id='word_1_30' title='bbox 319 895 482 977; x_wconf 86' lang='lat' dir='ltr'>fuerint,</span> <span class='ocrx_word' id='word_1_31' title='bbox 511 907 576 960; x_wconf 90' lang='lat' dir='ltr'>aut</span> <span class='ocrx_word' id='word_1_32' title='bbox 602 891 729 984; x_wconf 87' lang='lat' dir='ltr'>quales</span> <span class='ocrx_word' id='word_1_33' title='bbox 757 884 968 959; x_wconf 79' lang='lat' dir='ltr'>elisatiam</span> <span class='ocrx_word' id='word_1_34' title='bbox 994 887 1213 979; x_wconf 88' lang='lat' dir='ltr'>potuerint,</span> <span class='ocrx_word' id='word_1_35' title='bbox 1241 901 1279 955; x_wconf 90' lang='lat' dir='ltr'>et</span> <span class='ocrx_word' id='word_1_36' title='bbox 1298 902 1428 955; x_wconf 90' lang='lat' dir='ltr'>utrum</span> <span class='ocrx_word' id='word_1_37' title='bbox 1454 886 1570 970; x_wconf 90' lang='lat' dir='ltr'>tales,</span> <span class='ocrx_word' id='word_1_38' title='bbox 1598 910 1688 982; x_wconf 84' lang='lat' dir='ltr'>quas</span> <span class='ocrx_word' id='word_1_39' title='bbox 1715 884 1908 957; x_wconf 85' lang='lat' dir='ltr'>Platonici</span> <span class='ocrx_word' id='word_1_40' title='bbox 1935 886 2071 957; x_wconf 87' lang='lat' dir='ltr'>descri-</span> <span class='ocrx_word' id='word_1_41' title='bbox 2107 870 2116 879; x_wconf 55' lang='grc'><em>“</em></span> 
     </span>
     <span class='ocr_line' id='line_1_6' title="bbox 223 999 2071 1110; baseline -0.004 -27"><span class='ocrx_word' id='word_1_42' title='bbox 223 1068 226 1072; x_wconf 20' lang='grc' dir='ltr'><strong><em>ι</em></strong></span> <span class='ocrx_word' id='word_1_43' title='bbox 317 1013 481 1110; x_wconf 88' lang='lat' dir='ltr'>pserint:</span> <span class='ocrx_word' id='word_1_44' title='bbox 508 1020 684 1104; x_wconf 73' lang='lat' dir='ltr'>quaerere</span> <span class='ocrx_word' id='word_1_45' title='bbox 711 1033 818 1077; x_wconf 89' lang='lat' dir='ltr'>nunc</span> <span class='ocrx_word' id='word_1_46' title='bbox 841 1030 925 1076; x_wconf 88' lang='lat' dir='ltr'>non</span> <span class='ocrx_word' id='word_1_47' title='bbox 953 1005 1070 1075; x_wconf 89' lang='lat' dir='ltr'>iuvat.</span> <span class='ocrx_word' id='word_1_48' title='bbox 1143 1007 1189 1075; x_wconf 91' lang='lat' dir='ltr'>1n</span> <span class='ocrx_word' id='word_1_49' title='bbox 1220 1007 1441 1074; x_wconf 76' lang='lat' dir='ltr'>Henneticis</span> <span class='ocrx_word' id='word_1_50' title='bbox 1478 1003 1600 1090; x_wconf 80' lang='lat' dir='ltr'>libris,</span> <span class='ocrx_word' id='word_1_51' title='bbox 1635 1024 1779 1076; x_wconf 90' lang='lat' dir='ltr'>certum</span> <span class='ocrx_word' id='word_1_52' title='bbox 1806 1000 1876 1089; x_wconf 87' lang='lat' dir='ltr'>est,</span> <span class='ocrx_word' id='word_1_53' title='bbox 1913 999 2071 1077; x_wconf 83' lang='lat' dir='ltr'>nonnisi</span> 
     </span>
     <span class='ocr_line' id='line_1_7' title="bbox 315 1122 2072 1222; baseline -0.006 -17"><span class='ocrx_word' id='word_1_54' title='bbox 315 1131 595 1205; x_wconf 88' lang='lat' dir='ltr'>Platonismum</span> <span class='ocrx_word' id='word_1_55' title='bbox 623 1127 737 1195; x_wconf 89' lang='lat' dir='ltr'>illum</span> <span class='ocrx_word' id='word_1_56' title='bbox 763 1125 1014 1195; x_wconf 85' lang='lat' dir='ltr'>recentiorem</span> <span class='ocrx_word' id='word_1_57' title='bbox 1046 1122 1191 1218; x_wconf 90' lang='lat' dir='ltr'>repeti,</span> <span class='ocrx_word' id='word_1_58' title='bbox 1227 1139 1264 1194; x_wconf 90' lang='lat' dir='ltr'>et</span> <span class='ocrx_word' id='word_1_59' title='bbox 1297 1123 1618 1222; x_wconf 77' lang='lat' dir='ltr'>Aegyptiacarum</span> <span class='ocrx_word' id='word_1_60' title='bbox 1643 1122 1768 1219; x_wconf 83' lang='lat' dir='ltr'>rer&#39;um</span> <span class='ocrx_word' id='word_1_61' title='bbox 1794 1141 1941 1218; x_wconf 89' lang='lat' dir='ltr'>praeter</span> <span class='ocrx_word' id='word_1_62' title='bbox 1967 1126 2072 1194; x_wconf 90' lang='lat' dir='ltr'>Deo·</span> 
     </span>
     <span class='ocr_line' id='line_1_8' title="bbox 316 1239 2071 1340; baseline -0.005 -17"><span class='ocrx_word' id='word_1_63' title='bbox 316 1276 402 1323; x_wconf 89' lang='lat' dir='ltr'>rum</span> <span class='ocrx_word' id='word_1_64' title='bbox 427 1247 589 1321; x_wconf 90' lang='lat' dir='ltr'>nomina</span> <span class='ocrx_word' id='word_1_65' title='bbox 623 1244 727 1315; x_wconf 85' lang='lat' dir='ltr'><strong>nihil</strong></span> <span class='ocrx_word' id='word_1_66' title='bbox 752 1240 1006 1338; x_wconf 82' lang='lat' dir='ltr'>deprehendi:</span> <span class='ocrx_word' id='word_1_67' title='bbox 1044 1259 1216 1315; x_wconf 89' lang='lat' dir='ltr'>autnon</span> <span class='ocrx_word' id='word_1_68' title='bbox 1242 1239 1387 1337; x_wconf 85' lang='lat' dir='ltr'>priscae</span> <span class='ocrx_word' id='word_1_69' title='bbox 1421 1259 1460 1314; x_wconf 89' lang='lat' dir='ltr'>et</span> <span class='ocrx_word' id='word_1_70' title='bbox 1495 1240 1686 1340; x_wconf 79' lang='lat' dir='ltr'>genuinae</span> <span class='ocrx_word' id='word_1_71' title='bbox 1722 1241 1828 1313; x_wconf 89' lang='lat' dir='ltr'>illius</span> <span class='ocrx_word' id='word_1_72' title='bbox 1854 1242 2071 1340; x_wconf 77' lang='lat' dir='ltr'>religionis,</span> 
     </span>
     <span class='ocr_line' id='line_1_9' title="bbox 315 1357 2073 1463; baseline -0.006 -22"><span class='ocrx_word' id='word_1_73' title='bbox 315 1370 397 1454; x_wconf 84' lang='lat' dir='ltr'>sed,</span> <span class='ocrx_word' id='word_1_74' title='bbox 426 1367 548 1463; x_wconf 84' lang='lat' dir='ltr'>qualis</span> <span class='ocrx_word' id='word_1_75' title='bbox 576 1363 730 1435; x_wconf 89' lang='lat' dir='ltr'>haberet</span> <span class='ocrx_word' id='word_1_76' title='bbox 764 1360 982 1433; x_wconf 87' lang='lat' dir='ltr'>labentibus</span> <span class='ocrx_word' id='word_1_77' title='bbox 1021 1358 1099 1431; x_wconf 89' lang='lat' dir='ltr'>iam</span> <span class='ocrx_word' id='word_1_78' title='bbox 1135 1357 1249 1432; x_wconf 88' lang='lat' dir='ltr'>sacris</span> <span class='ocrx_word' id='word_1_79' title='bbox 1288 1360 1466 1456; x_wconf 87' lang='lat' dir='ltr'>publicis.</span> <span class='ocrx_word' id='word_1_80' title='bbox 1546 1361 1846 1433; x_wconf 87' lang='lat' dir='ltr'>Delectabantur</span> <span class='ocrx_word' id='word_1_81' title='bbox 1878 1359 2073 1433; x_wconf 82' lang='lat' dir='ltr'>Platonici</span> 
     </span>
     <span class='ocr_line' id='line_1_10' title="bbox 316 1478 2074 1584; baseline -0.005 -25"><span class='ocrx_word' id='word_1_82' title='bbox 316 1488 500 1584; x_wconf 81' lang='lat' dir='ltr'>religione</span> <span class='ocrx_word' id='word_1_83' title='bbox 535 1483 765 1583; x_wconf 82' lang='lat' dir='ltr'>Aegyptiaca</span> <span class='ocrx_word' id='word_1_84' title='bbox 803 1480 960 1575; x_wconf 89' lang='lat' dir='ltr'>eiusque</span> <span class='ocrx_word' id='word_1_85' title='bbox 996 1478 1116 1573; x_wconf 89' lang='lat' dir='ltr'>specie</span> <span class='ocrx_word' id='word_1_86' title='bbox 1154 1497 1266 1574; x_wconf 91' lang='lat' dir='ltr'>atque</span> <span class='ocrx_word' id='word_1_87' title='bbox 1302 1481 1452 1577; x_wconf 81' lang='lat' dir='ltr'>elogio,</span> <span class='ocrx_word' id='word_1_88' title='bbox 1489 1504 1650 1574; x_wconf 85' lang='lat' dir='ltr'>nempe,</span> <span class='ocrx_word' id='word_1_89' title='bbox 1695 1504 1810 1575; x_wconf 88' lang='lat' dir='ltr'>quam</span> <span class='ocrx_word' id='word_1_90' title='bbox 1846 1478 1927 1575; x_wconf 90' lang='lat' dir='ltr'>ipse</span> <span class='ocrx_word' id='word_1_91' title='bbox 1959 1480 2074 1551; x_wconf 86' lang='lat' dir='ltr'>Plato</span> 
     </span>
     <span class='ocr_line' id='line_1_11' title="bbox 316 1596 2073 1696; baseline -0.004 -20"><span class='ocrx_word' id='word_1_92' title='bbox 316 1603 467 1679; x_wconf 79' lang='lat' dir='ltr'>haufiffe</span> <span class='ocrx_word' id='word_1_93' title='bbox 503 1604 735 1674; x_wconf 84' lang='lat' dir='ltr'>crederetur:</span> <span class='ocrx_word' id='word_1_94' title='bbox 775 1598 1095 1695; x_wconf 86' lang='lat' dir='ltr'>quemadmodum</span> <span class='ocrx_word' id='word_1_95' title='bbox 1120 1596 1351 1670; x_wconf 81' lang='lat' dir='ltr'>nostratibus</span> <span class='ocrx_word' id='word_1_96' title='bbox 1385 1600 1501 1670; x_wconf 90' lang='lat' dir='ltr'>etiam</span> <span class='ocrx_word' id='word_1_97' title='bbox 1538 1599 1768 1694; x_wconf 88' lang='lat' dir='ltr'>quibusdam</span> <span class='ocrx_word' id='word_1_98' title='bbox 1793 1598 1945 1694; x_wconf 80' lang='lat' dir='ltr'>placuit</span> <span class='ocrx_word' id='word_1_99' title='bbox 1997 1598 2073 1696; x_wconf 83' lang='lat' dir='ltr'>‘Ep-</span> 
     </span>
     <span class='ocr_line' id='line_1_12' title="bbox 315 1713 2074 1821; baseline -0.002 -28"><span class='ocrx_word' id='word_1_100' title='bbox 315 1728 419 1821; x_wconf 65' lang='grc' dir='ltr'><em>μαῑκή</em></span> <span class='ocrx_word' id='word_1_101' title='bbox 447 1722 537 1792; x_wconf 90' lang='lat' dir='ltr'>inde</span> <span class='ocrx_word' id='word_1_102' title='bbox 563 1720 654 1815; x_wconf 72' lang='lat' dir='ltr'>oapi</span> <span class='ocrx_word' id='word_1_103' title='bbox 691 1717 951 1814; x_wconf 86' lang='lat' dir='ltr'>appellabatur</span> <span class='ocrx_word' id='word_1_104' title='bbox 986 1717 1096 1790; x_wconf 87' lang='lat' dir='ltr'>series</span> <span class='ocrx_word' id='word_1_105' title='bbox 1134 1715 1338 1789; x_wconf 90' lang='lat' dir='ltr'>doctorum</span> <span class='ocrx_word' id='word_1_106' title='bbox 1373 1716 1418 1790; x_wconf 92' lang='lat' dir='ltr'>in</span> <span class='ocrx_word' id='word_1_107' title='bbox 1454 1718 1662 1789; x_wconf 89' lang='lat' dir='ltr'>recentiore</span> <span class='ocrx_word' id='word_1_108' title='bbox 1688 1713 1753 1789; x_wconf 86' lang='lat' dir='ltr'>ista</span> <span class='ocrx_word' id='word_1_109' title='bbox 1779 1717 2074 1791; x_wconf 69' lang='lat' dir='ltr'>Platonicorum</span> 
     </span>
     <span class='ocr_line' id='line_1_13' title="bbox 315 1831 2071 1930; baseline -0.004 -15"><span class='ocrx_word' id='word_1_110' title='bbox 315 1843 441 1915; x_wconf 88' lang='lat' dir='ltr'>schola</span> <span class='ocrx_word' id='word_1_111' title='bbox 472 1831 537 1929; x_wconf 79' lang='lat'>1³).</span> <span class='ocrx_word' id='word_1_112' title='bbox 604 1839 675 1909; x_wconf 88' lang='lat' dir='ltr'>Sed</span> <span class='ocrx_word' id='word_1_113' title='bbox 699 1835 931 1908; x_wconf 88' lang='lat' dir='ltr'>Platonismi</span> <span class='ocrx_word' id='word_1_114' title='bbox 966 1836 1082 1906; x_wconf 93' lang='lat' dir='ltr'>etiam</span> <span class='ocrx_word' id='word_1_115' title='bbox 1116 1835 1315 1930; x_wconf 81' lang='lat' dir='ltr'>peculiaris</span> <span class='ocrx_word' id='word_1_116' title='bbox 1350 1838 1450 1908; x_wconf 87' lang='lat' dir='ltr'>ratio</span> <span class='ocrx_word' id='word_1_117' title='bbox 1478 1831 1593 1907; x_wconf 83' lang='lat' dir='ltr'>exstat</span> <span class='ocrx_word' id='word_1_118' title='bbox 1617 1837 1660 1908; x_wconf 92' lang='lat' dir='ltr'>in</span> <span class='ocrx_word' id='word_1_119' title='bbox 1688 1836 1918 1908; x_wconf 88' lang='lat' dir='ltr'>Hermeticis</span> <span class='ocrx_word' id='word_1_120' title='bbox 1943 1834 2071 1921; x_wconf 84' lang='lat' dir='ltr'>libris,</span> 
     </span>
     <span class='ocr_line' id='line_1_14' title="bbox 315 1950 2075 2053; baseline -0.003 -22"><span class='ocrx_word' id='word_1_121' title='bbox 315 1985 355 2032; x_wconf 89' lang='lat' dir='ltr'>ea</span> <span class='ocrx_word' id='word_1_122' title='bbox 383 1982 541 2053; x_wconf 88' lang='lat' dir='ltr'>nempe,</span> <span class='ocrx_word' id='word_1_123' title='bbox 571 1980 667 2050; x_wconf 89' lang='lat' dir='ltr'>quae</span> <span class='ocrx_word' id='word_1_124' title='bbox 692 1955 818 2025; x_wconf 91' lang='lat' dir='ltr'>multo</span> <span class='ocrx_word' id='word_1_125' title='bbox 845 1951 969 2050; x_wconf 86' lang='lat' dir='ltr'>magis</span> <span class='ocrx_word' id='word_1_126' title='bbox 994 1951 1109 2024; x_wconf 88' lang='lat' dir='ltr'>nobis</span> <span class='ocrx_word' id='word_1_127' title='bbox 1136 1950 1378 2048; x_wconf 84' lang='lat' dir='ltr'>persuadeat,</span> <span class='ocrx_word' id='word_1_128' title='bbox 1416 1972 1535 2025; x_wconf 90' lang='lat' dir='ltr'>artem</span> <span class='ocrx_word' id='word_1_129' title='bbox 1572 1955 1671 2026; x_wconf 91' lang='lat' dir='ltr'>hanc</span> <span class='ocrx_word' id='word_1_130' title='bbox 1705 1971 1858 2025; x_wconf 89' lang='lat' dir='ltr'>tantum</span> <span class='ocrx_word' id='word_1_131' title='bbox 1883 1952 2075 2027; x_wconf 87' lang='lat' dir='ltr'>seriorum</span> 
     </span>
     <span class='ocr_line' id='line_1_15' title="bbox 317 2067 1812 2167; baseline -0.004 -17"><span class='ocrx_word' id='word_1_132' title='bbox 317 2079 529 2150; x_wconf 83' lang='lat' dir='ltr'>scholarum</span> <span class='ocrx_word' id='word_1_133' title='bbox 555 2071 684 2160; x_wconf 81' lang='lat' dir='ltr'>suilla,</span> <span class='ocrx_word' id='word_1_134' title='bbox 720 2097 804 2144; x_wconf 93' lang='lat' dir='ltr'>non</span> <span class='ocrx_word' id='word_1_135' title='bbox 830 2071 975 2143; x_wconf 88' lang='lat' dir='ltr'>famam</span> <span class='ocrx_word' id='word_1_136' title='bbox 1001 2067 1192 2140; x_wconf 89' lang='lat' dir='ltr'>maiorum</span> <span class='ocrx_word' id='word_1_137' title='bbox 1220 2087 1287 2141; x_wconf 91' lang='lat' dir='ltr'>aut</span> <span class='ocrx_word' id='word_1_138' title='bbox 1312 2070 1548 2144; x_wconf 85' lang='lat' dir='ltr'>sacerdotum</span> <span class='ocrx_word' id='word_1_139' title='bbox 1576 2074 1812 2167; x_wconf 84' lang='lat' dir='ltr'>sapientiam.</span> 
     </span>
    </p>
   </div>
   <div class='ocr_carea' id='block_1_3' title="bbox 314 2203 2158 2426">
    <p class='ocr_par' dir='ltr' id='par_1_3' title="bbox 314 2203 2158 2426">
     <span class='ocr_line' id='line_1_16' title="bbox 417 2203 2076 2309; baseline -0.002 -25"><span class='ocrx_word' id='word_1_140' title='bbox 417 2210 635 2296; x_wconf 90' lang='lat' dir='ltr'>Nimirum,</span> <span class='ocrx_word' id='word_1_141' title='bbox 676 2226 723 2279; x_wconf 90' lang='lat' dir='ltr'>ut</span> <span class='ocrx_word' id='word_1_142' title='bbox 756 2209 881 2302; x_wconf 88' lang='lat' dir='ltr'>aliqua</span> <span class='ocrx_word' id='word_1_143' title='bbox 918 2203 1082 2303; x_wconf 87' lang='lat' dir='ltr'>praefari</span> <span class='ocrx_word' id='word_1_144' title='bbox 1118 2206 1231 2277; x_wconf 89' lang='lat' dir='ltr'>liceat</span> <span class='ocrx_word' id='word_1_145' title='bbox 1264 2206 1337 2292; x_wconf 91' lang='lat' dir='ltr'>iis,</span> <span class='ocrx_word' id='word_1_146' title='bbox 1377 2232 1473 2302; x_wconf 89' lang='lat' dir='ltr'>quae</span> <span class='ocrx_word' id='word_1_147' title='bbox 1501 2208 1547 2280; x_wconf 89' lang='lat' dir='ltr'>ad</span> <span class='ocrx_word' id='word_1_148' title='bbox 1585 2206 1756 2309; x_wconf 84' lang='lat' dir='ltr'>singul-os</span> <span class='ocrx_word' id='word_1_149' title='bbox 1782 2209 1902 2282; x_wconf 90' lang='lat' dir='ltr'>libros</span> <span class='ocrx_word' id='word_1_150' title='bbox 1928 2208 2076 2304; x_wconf 88' lang='lat' dir='ltr'>praeci·</span> 
     </span>
     <span class='ocr_line' id='line_1_17' title="bbox 314 2321 2158 2426; baseline -0.003 -24"><span class='ocrx_word' id='word_1_151' title='bbox 314 2356 412 2426; x_wconf 91' lang='lat' dir='ltr'>puos</span> <span class='ocrx_word' id='word_1_152' title='bbox 447 2332 636 2426; x_wconf 83' lang='lat' dir='ltr'>spectent:</span> <span class='ocrx_word' id='word_1_153' title='bbox 681 2326 863 2397; x_wconf 91' lang='lat' dir='ltr'>omnibus</span> <span class='ocrx_word' id='word_1_154' title='bbox 898 2325 976 2396; x_wconf 88' lang='lat' dir='ltr'>iam</span> <span class='ocrx_word' id='word_1_155' title='bbox 1011 2321 1156 2395; x_wconf 90' lang='lat' dir='ltr'>dudum</span> <span class='ocrx_word' id='word_1_156' title='bbox 1192 2322 1407 2396; x_wconf 86' lang='lat' dir='ltr'>concessum</span> <span class='ocrx_word' id='word_1_157' title='bbox 1453 2324 1550 2412; x_wconf 85' lang='lat' dir='ltr'>fuit,</span> <span class='ocrx_word' id='word_1_158' title='bbox 1589 2327 1730 2422; x_wconf 84' lang='lat' dir='ltr'>respici</span> <span class='ocrx_word' id='word_1_159' title='bbox 1764 2328 1808 2400; x_wconf 89' lang='lat' dir='ltr'>in</span> <span class='ocrx_word' id='word_1_160' title='bbox 1833 2326 2075 2423; x_wconf 85' lang='lat' dir='ltr'>quibusdam</span> <span class='ocrx_word' id='word_1_161' title='bbox 2150 2390 2158 2397; x_wconf 91' lang='lat'><em>.</em></span> 
     </span>
    </p>
   </div>
   <div class='ocr_carea' id='block_1_4' title="bbox 181 2418 2074 2544">
    <p class='ocr_par' dir='ltr' id='par_1_4' title="bbox 181 2418 2074 2544">
     <span class='ocr_line' id='line_1_18' title="bbox 181 2418 2074 2544; baseline -0.003 -21"><span class='ocrx_word' id='word_1_162' title='bbox 181 2522 188 2527; x_wconf 88' lang='grc'><strong>,</strong></span> <span class='ocrx_word' id='word_1_163' title='bbox 313 2451 502 2523; x_wconf 90' lang='lat' dir='ltr'>librorum</span> <span class='ocrx_word' id='word_1_164' title='bbox 527 2444 685 2519; x_wconf 77' lang='lat' dir='ltr'>iliorum</span> <span class='ocrx_word' id='word_1_165' title='bbox 710 2446 806 2517; x_wconf 85' lang='lat' dir='ltr'>locis</span> <span class='ocrx_word' id='word_1_166' title='bbox 834 2445 881 2516; x_wconf 87' lang='lat' dir='ltr'>ad</span> <span class='ocrx_word' id='word_1_167' title='bbox 908 2441 1111 2539; x_wconf 85' lang='lat' dir='ltr'>scripturae</span> <span class='ocrx_word' id='word_1_168' title='bbox 1147 2438 1256 2514; x_wconf 80' lang='lat' dir='ltr'>effata</span> <span class='ocrx_word' id='word_1_169' title='bbox 1293 2461 1331 2514; x_wconf 89' lang='lat' dir='ltr'>et</span> <span class='ocrx_word' id='word_1_170' title='bbox 1365 2439 1562 2516; x_wconf 89' lang='lat' dir='ltr'>christiana</span> <span class='ocrx_word' id='word_1_171' title='bbox 1582 2418 1795 2544; x_wconf 65' lang='lat' dir='ltr'>&#39;dogmatm</span> <span class='ocrx_word' id='word_1_172' title='bbox 1824 2463 1861 2518; x_wconf 89' lang='lat' dir='ltr'>et</span> <span class='ocrx_word' id='word_1_173' title='bbox 1888 2444 1935 2516; x_wconf 89' lang='lat' dir='ltr'>ab</span> <span class='ocrx_word' id='word_1_174' title='bbox 1960 2451 1991 2517; x_wconf 87' lang='lat' dir='ltr'><strong>L</strong></span> <span class='ocrx_word' id='word_1_175' title='bbox 2020 2451 2074 2517; x_wconf 85' lang='lat' dir='ltr'>H.</span> 
     </span>
    </p>
   </div>
   <div class='ocr_carea' id='block_1_5' title="bbox 312 2558 2076 2892">
    <p class='ocr_par' dir='ltr' id='par_1_5' title="bbox 312 2558 2076 2892">
     <span class='ocr_line' id='line_1_19' title="bbox 314 2558 2071 2660; baseline 0 -24"><span class='ocrx_word' id='word_1_176' title='bbox 314 2565 472 2650; x_wconf 79' lang='lat' dir='ltr'>Ursino,</span> <span class='ocrx_word' id='word_1_177' title='bbox 509 2566 672 2637; x_wconf 91' lang='lat' dir='ltr'>minime</span> <span class='ocrx_word' id='word_1_178' title='bbox 708 2564 842 2660; x_wconf 89' lang='lat' dir='ltr'>inepto</span> <span class='ocrx_word' id='word_1_179' title='bbox 877 2564 1018 2633; x_wconf 90' lang='lat' dir='ltr'>horum</span> <span class='ocrx_word' id='word_1_180' title='bbox 1051 2560 1241 2632; x_wconf 88' lang='lat' dir='ltr'>librorum</span> <span class='ocrx_word' id='word_1_181' title='bbox 1280 2558 1532 2648; x_wconf 83' lang='lat' dir='ltr'>aestimatore,</span> <span class='ocrx_word' id='word_1_182' title='bbox 1569 2562 1610 2633; x_wconf 91' lang='lat' dir='ltr'>id</span> <span class='ocrx_word' id='word_1_183' title='bbox 1644 2564 1721 2634; x_wconf 92' lang='lat' dir='ltr'>iam</span> <span class='ocrx_word' id='word_1_184' title='bbox 1759 2567 1973 2636; x_wconf 89' lang='lat' dir='ltr'>luculenter</span> <span class='ocrx_word' id='word_1_185' title='bbox 2006 2565 2071 2636; x_wconf 90' lang='lat' dir='ltr'>de·</span> 
     </span>
     <span class='ocr_line' id='line_1_20' title="bbox 312 2672 2074 2777; baseline -0.001 -21"><span class='ocrx_word' id='word_1_186' title='bbox 312 2679 565 2756; x_wconf 89' lang='lat' dir='ltr'>monstratum</span> <span class='ocrx_word' id='word_1_187' title='bbox 599 2681 660 2755; x_wconf 90' lang='lat' dir='ltr'>est.</span> <span class='ocrx_word' id='word_1_188' title='bbox 689 2672 741 2772; x_wconf 71' lang='lat'>¹⁴⁸)</span> <span class='ocrx_word' id='word_1_189' title='bbox 808 2679 879 2754; x_wconf 87' lang='lat' dir='ltr'>Sed</span> <span class='ocrx_word' id='word_1_190' title='bbox 916 2677 1093 2753; x_wconf 81' lang='lat' dir='ltr'>effectum</span> <span class='ocrx_word' id='word_1_191' title='bbox 1131 2677 1223 2751; x_wconf 88' lang='lat' dir='ltr'>inde</span> <span class='ocrx_word' id='word_1_192' title='bbox 1257 2675 1306 2752; x_wconf 91' lang='lat' dir='ltr'>est</span> <span class='ocrx_word' id='word_1_193' title='bbox 1340 2681 1483 2775; x_wconf 82' lang='lat' dir='ltr'>triplex</span> <span class='ocrx_word' id='word_1_194' title='bbox 1521 2681 1756 2773; x_wconf 89' lang='lat' dir='ltr'>opinionum</span> <span class='ocrx_word' id='word_1_195' title='bbox 1782 2704 1917 2777; x_wconf 89' lang='lat' dir='ltr'>genus.</span> <span class='ocrx_word' id='word_1_196' title='bbox 1990 2683 2074 2755; x_wconf 77' lang='lat' dir='ltr'>Aut</span> 
     </span>
     <span class='ocr_line' id='line_1_21' title="bbox 315 2796 2076 2892; baseline -0.002 -15"><span class='ocrx_word' id='word_1_197' title='bbox 315 2805 421 2878; x_wconf 89' lang='lat' dir='ltr'>anim</span> <span class='ocrx_word' id='word_1_198' title='bbox 446 2803 494 2875; x_wconf 90' lang='lat' dir='ltr'>ad</span> <span class='ocrx_word' id='word_1_199' title='bbox 521 2796 741 2873; x_wconf 87' lang='lat' dir='ltr'>christianos</span> <span class='ocrx_word' id='word_1_200' title='bbox 769 2799 945 2872; x_wconf 89' lang='lat' dir='ltr'>homines</span> <span class='ocrx_word' id='word_1_201' title='bbox 973 2797 1109 2892; x_wconf 88' lang='lat' dir='ltr'>scripta</span> <span class='ocrx_word' id='word_1_202' title='bbox 1136 2799 1361 2881; x_wconf 88' lang='lat' dir='ltr'>retulerunt,</span> <span class='ocrx_word' id='word_1_203' title='bbox 1389 2816 1434 2867; x_wconf 93' lang='lat' dir='ltr'>ut</span> <span class='ocrx_word' id='word_1_204' title='bbox 1459 2799 1505 2868; x_wconf 89' lang='lat' dir='ltr'>ab</span> <span class='ocrx_word' id='word_1_205' title='bbox 1532 2798 1615 2891; x_wconf 92' lang='lat' dir='ltr'>ipso</span> <span class='ocrx_word' id='word_1_206' title='bbox 1642 2798 1788 2873; x_wconf 91' lang='lat' dir='ltr'>Huetio</span> <span class='ocrx_word' id='word_1_207' title='bbox 1815 2798 1977 2888; x_wconf 88' lang='lat' dir='ltr'>factum,</span> <span class='ocrx_word' id='word_1_208' title='bbox 2006 2820 2076 2873; x_wconf 88' lang='lat' dir='ltr'>aut</span> 
     </span>
    </p>
   </div>
   <div class='ocr_carea' id='block_1_6' title="bbox 316 2911 2074 3115">
    <p class='ocr_par' dir='ltr' id='par_1_6' title="bbox 316 2911 2074 3115">
     <span class='ocr_line' id='line_1_22' title="bbox 316 2911 2074 3014; baseline 0.002 -24"><span class='ocrx_word' id='word_1_209' title='bbox 316 2926 363 2990; x_wconf 87' lang='lat' dir='ltr'>ad</span> <span class='ocrx_word' id='word_1_210' title='bbox 389 2933 476 3000; x_wconf 86' lang='lat' dir='ltr'>e&#39;os,</span> <span class='ocrx_word' id='word_1_211' title='bbox 505 2921 574 3002; x_wconf 86' lang='lat' dir='ltr'>qui</span> <span class='ocrx_word' id='word_1_212' title='bbox 598 2920 814 2988; x_wconf 87' lang='lat' dir='ltr'>rudimenta</span> <span class='ocrx_word' id='word_1_213' title='bbox 840 2936 996 2987; x_wconf 90' lang='lat' dir='ltr'>tantum</span> <span class='ocrx_word' id='word_1_214' title='bbox 1031 2917 1257 3008; x_wconf 88' lang='lat' dir='ltr'>disciplinae</span> <span class='ocrx_word' id='word_1_215' title='bbox 1293 2911 1499 2989; x_wconf 85' lang='lat' dir='ltr'>christanae</span> <span class='ocrx_word' id='word_1_216' title='bbox 1536 2916 1757 3009; x_wconf 88' lang='lat' dir='ltr'>posuerint,</span> <span class='ocrx_word' id='word_1_217' title='bbox 1798 2942 1881 2989; x_wconf 93' lang='lat' dir='ltr'>non</span> <span class='ocrx_word' id='word_1_218' title='bbox 1916 2921 2074 3014; x_wconf 87' lang='lat' dir='ltr'>prorsus</span> 
     </span>
     <span class='ocr_line' id='line_1_23' title="bbox 316 3017 2073 3115; baseline 0.001 -10"><span class='ocrx_word' id='word_1_219' title='bbox 316 3028 442 3105; x_wconf 72' lang='lat' dir='ltr'>edocti</span> <span class='ocrx_word' id='word_1_220' title='bbox 467 3017 810 3114; x_wconf 79' lang='lat' dir='ltr'>(seniicluistianos</span> <span class='ocrx_word' id='word_1_221' title='bbox 836 3019 959 3115; x_wconf 85' lang='lat' dir='ltr'>vulgo</span> <span class='ocrx_word' id='word_1_222' title='bbox 986 3020 1271 3108; x_wconf 83' lang='lat' dir='ltr'>appellavere),</span> <span class='ocrx_word' id='word_1_223' title='bbox 1300 3044 1396 3111; x_wconf 86' lang='lat' dir='ltr'>quae</span> <span class='ocrx_word' id='word_1_224' title='bbox 1421 3029 1760 3096; x_wconf 86' lang='lat' dir='ltr'>laudatiffimorum</span> <span class='ocrx_word' id='word_1_225' title='bbox 1785 3036 1959 3103; x_wconf 85' lang='lat' dir='ltr'>virorum</span> <span class='ocrx_word' id='word_1_226' title='bbox 1985 3038 2073 3107; x_wconf 85' lang='lat' dir='ltr'>sen·</span> 
     </span>
    </p>
   </div>
   <div class='ocr_carea' id='block_1_7' title="bbox 185 3130 2073 3235">
    <p class='ocr_par' dir='ltr' id='par_1_7' title="bbox 185 3130 2073 3235">
     <span class='ocr_line' id='line_1_24' title="bbox 185 3130 2073 3235; baseline 0.002 -27"><span class='ocrx_word' id='word_1_227' title='bbox 185 3208 199 3235; x_wconf 32' lang='grc' dir='ltr'>ἱ,</span> <span class='ocrx_word' id='word_1_228' title='bbox 316 3148 438 3224; x_wconf 71' lang='lat' dir='ltr'>tentia</span> <span class='ocrx_word' id='word_1_229' title='bbox 456 3141 563 3217; x_wconf 73' lang='lat' dir='ltr'>¹fuit:</span> <span class='ocrx_word' id='word_1_230' title='bbox 592 3130 643 3228; x_wconf 80' lang='lat'>¹⁵)</span> <span class='ocrx_word' id='word_1_231' title='bbox 673 3154 739 3208; x_wconf 91' lang='lat' dir='ltr'>aut</span> <span class='ocrx_word' id='word_1_232' title='bbox 766 3134 918 3233; x_wconf 78' lang='lat' dir='ltr'>opinati</span> <span class='ocrx_word' id='word_1_233' title='bbox 943 3132 1053 3216; x_wconf 89' lang='lat' dir='ltr'>suut,</span> <span class='ocrx_word' id='word_1_234' title='bbox 1094 3130 1349 3227; x_wconf 87' lang='lat' dir='ltr'>interpolatos</span> <span class='ocrx_word' id='word_1_235' title='bbox 1376 3131 1447 3207; x_wconf 86' lang='lat' dir='ltr'>elle</span> <span class='ocrx_word' id='word_1_236' title='bbox 1471 3135 1592 3210; x_wconf 88' lang='lat' dir='ltr'>libros</span> <span class='ocrx_word' id='word_1_237' title='bbox 1618 3135 1707 3213; x_wconf 90' lang='lat' dir='ltr'>istos</span> <span class='ocrx_word' id='word_1_238' title='bbox 1734 3166 1755 3213; x_wconf 88' lang='lat' dir='ltr'>a</span> <span class='ocrx_word' id='word_1_239' title='bbox 1782 3140 1944 3223; x_wconf 85' lang='lat' dir='ltr'>falsariis</span> <span class='ocrx_word' id='word_1_240' title='bbox 1971 3151 2073 3225; x_wconf 89' lang='lat' dir='ltr'>chri.</span> 
     </span>
    </p>
   </div>
   <div class='ocr_carea' id='block_1_8' title="bbox 318 3246 2073 3840">
    <p class='ocr_par' dir='ltr' id='par_1_8' title="bbox 318 3246 2073 3587">
     <span class='ocr_line' id='line_1_25' title="bbox 318 3246 2073 3348; baseline 0.002 -7"><span class='ocrx_word' id='word_1_241' title='bbox 318 3268 459 3341; x_wconf 86' lang='lat' dir='ltr'>stianis.</span> <span class='ocrx_word' id='word_1_242' title='bbox 537 3264 592 3332; x_wconf 86' lang='lat' dir='ltr'>Ea</span> <span class='ocrx_word' id='word_1_243' title='bbox 628 3253 768 3329; x_wconf 88' lang='lat' dir='ltr'>summi</span> <span class='ocrx_word' id='word_1_244' title='bbox 804 3272 957 3348; x_wconf 87' lang='lat' dir='ltr'>quoque</span> <span class='ocrx_word' id='word_1_245' title='bbox 980 3246 1198 3348; x_wconf 36' lang='lat' dir='ltr'>‘Conringii</span> <span class='ocrx_word' id='word_1_246' title='bbox 1225 3250 1412 3324; x_wconf 87' lang='lat' dir='ltr'>sententia</span> <span class='ocrx_word' id='word_1_247' title='bbox 1439 3248 1538 3341; x_wconf 81' lang='lat' dir='ltr'>fuit,</span> <span class='ocrx_word' id='word_1_248' title='bbox 1574 3256 1618 3327; x_wconf 91' lang='lat' dir='ltr'>in</span> <span class='ocrx_word' id='word_1_249' title='bbox 1653 3258 1754 3334; x_wconf 91' lang='lat' dir='ltr'>libro</span> <span class='ocrx_word' id='word_1_250' title='bbox 1781 3260 1828 3334; x_wconf 90' lang='lat' dir='ltr'>de</span> <span class='ocrx_word' id='word_1_251' title='bbox 1853 3256 2073 3344; x_wconf 78' lang='lat' dir='ltr'>Hermetici</span> 
     </span>
     <span class='ocr_line' id='line_1_26' title="bbox 319 3363 2073 3485; baseline 0.029 -72"><span class='ocrx_word' id='word_1_252' title='bbox 319 3383 509 3460; x_wconf 78' lang='lat' dir='ltr'>medicina</span> <span class='ocrx_word' id='word_1_253' title='bbox 548 3373 724 3471; x_wconf 47' lang='lat' dir='ltr'>“pom</span> <span class='ocrx_word' id='word_1_254' title='bbox 804 3368 975 3467; x_wconf 78' lang='lat' dir='ltr'>singulis</span> <span class='ocrx_word' id='word_1_255' title='bbox 1012 3384 1143 3441; x_wconf 86' lang='lat' dir='ltr'>autem</span> <span class='ocrx_word' id='word_1_256' title='bbox 1184 3363 1262 3441; x_wconf 87' lang='lat' dir='ltr'>istis</span> <span class='ocrx_word' id='word_1_257' title='bbox 1302 3372 1553 3467; x_wconf 87' lang='lat' dir='ltr'>opinionibus</span> <span class='ocrx_word' id='word_1_258' title='bbox 1593 3376 1722 3474; x_wconf 86' lang='lat' dir='ltr'>aliqua</span> <span class='ocrx_word' id='word_1_259' title='bbox 1765 3378 1935 3472; x_wconf 87' lang='lat' dir='ltr'>obstant,</span> <span class='ocrx_word' id='word_1_260' title='bbox 1973 3412 2073 3485; x_wconf 85' lang='lat' dir='ltr'>quae</span> 
     </span>
     <span class='ocr_line' id='line_1_27' title="bbox 319 3490 956 3587; baseline -0.017 -12"><span class='ocrx_word' id='word_1_261' title='bbox 319 3502 538 3582; x_wconf 84' lang='lat' dir='ltr'>summatim</span> <span class='ocrx_word' id='word_1_262' title='bbox 563 3490 854 3567; x_wconf 88' lang='lat' dir='ltr'>recensebimus.</span> <span class='ocrx_word' id='word_1_263' title='bbox 950 3576 956 3587; x_wconf 28' lang='grc' dir='ltr'>ι</span> 
     </span>
    </p>

    <p class='ocr_par' dir='ltr' id='par_1_9' title="bbox 319 3603 2073 3840">
     <span class='ocr_line' id='line_1_28' title="bbox 420 3603 2073 3708; baseline 0.012 -27"><span class='ocrx_word' id='word_1_264' title='bbox 420 3629 521 3695; x_wconf 80' lang='lat' dir='ltr'>Nam</span> <span class='ocrx_word' id='word_1_265' title='bbox 548 3607 794 3686; x_wconf 89' lang='lat' dir='ltr'>christianum</span> <span class='ocrx_word' id='word_1_266' title='bbox 821 3606 1020 3681; x_wconf 87' lang='lat' dir='ltr'>hominem</span> <span class='ocrx_word' id='word_1_267' title='bbox 1044 3603 1088 3675; x_wconf 91' lang='lat' dir='ltr'>in</span> <span class='ocrx_word' id='word_1_268' title='bbox 1115 3605 1279 3679; x_wconf 89' lang='lat' dir='ltr'>minutis</span> <span class='ocrx_word' id='word_1_269' title='bbox 1301 3606 1456 3702; x_wconf 91' lang='lat' dir='ltr'>quidem</span> <span class='ocrx_word' id='word_1_270' title='bbox 1482 3611 1674 3708; x_wconf 82' lang='lat' dir='ltr'>aliquibus</span> <span class='ocrx_word' id='word_1_271' title='bbox 1697 3615 1887 3693; x_wconf 90' lang='lat' dir='ltr'>librorum</span> <span class='ocrx_word' id='word_1_272' title='bbox 1910 3618 2073 3701; x_wconf 90' lang='lat' dir='ltr'>istorum</span> 
     </span>
     <span class='ocr_line' id='line_1_29' title="bbox 319 3722 2069 3840; baseline 0.007 -33"><span class='ocrx_word' id='word_1_273' title='bbox 319 3737 546 3839; x_wconf 76' lang='lat' dir='ltr'>fragmentis</span> <span class='ocrx_word' id='word_1_274' title='bbox 582 3733 673 3805; x_wconf 89' lang='lat' dir='ltr'>lieet</span> <span class='ocrx_word' id='word_1_275' title='bbox 712 3725 916 3823; x_wconf 76' lang='lat' dir='ltr'>suspicari:</span> <span class='ocrx_word' id='word_1_276' title='bbox 956 3722 1139 3797; x_wconf 89' lang='lat' dir='ltr'>Iudaeum</span> <span class='ocrx_word' id='word_1_277' title='bbox 1164 3725 1280 3797; x_wconf 85' lang='lat' dir='ltr'>etiam</span> <span class='ocrx_word' id='word_1_278' title='bbox 1315 3749 1388 3801; x_wconf 88' lang='lat' dir='ltr'>nos</span> <span class='ocrx_word' id='word_1_279' title='bbox 1419 3728 1576 3825; x_wconf 90' lang='lat' dir='ltr'>quidem</span> <span class='ocrx_word' id='word_1_280' title='bbox 1601 3733 1644 3805; x_wconf 92' lang='lat' dir='ltr'>in</span> <span class='ocrx_word' id='word_1_281' title='bbox 1671 3759 1754 3808; x_wconf 92' lang='lat' dir='ltr'>uno</span> <span class='ocrx_word' id='word_1_282' title='bbox 1780 3737 1909 3834; x_wconf 87' lang='lat' dir='ltr'>aliquo</span> <span class='ocrx_word' id='word_1_283' title='bbox 1936 3730 2069 3840; x_wconf 80' lang='lat' dir='ltr'>deprc-</span> 
     </span>
    </p>
   </div>
   <div class='ocr_carea' id='block_1_9' title="bbox 319 3925 607 3962">
    <p class='ocr_par' dir='ltr' id='par_1_10' title="bbox 319 3925 607 3962">
     <span class='ocr_line' id='line_1_30' title="bbox 319 3925 607 3962; baseline 0 -12"><span class='ocrx_word' id='word_1_284' title='bbox 319 3925 525 3950; x_wconf 74' lang='lat'>-—-</span> <span class='ocrx_word' id='word_1_285' title='bbox 602 3955 607 3962; x_wconf 52' lang='grc' dir='ltr'>Ι</span> 
     </span>
    </p>
   </div>
   <div class='ocr_carea' id='block_1_10' title="bbox 263 4036 2116 4649">
    <p class='ocr_par' dir='ltr' id='par_1_11' title="bbox 263 4036 2116 4649">
     <span class='ocr_line' id='line_1_31' title="bbox 407 4036 2070 4144; baseline 0.003 -27"><span class='ocrx_word' id='word_1_286' title='bbox 407 4059 464 4132; x_wconf 75' lang='lat'>12)</span> <span class='ocrx_word' id='word_1_287' title='bbox 491 4056 593 4144; x_wconf 76' lang='lat' dir='ltr'>Afiat.</span> <span class='ocrx_word' id='word_1_288' title='bbox 626 4036 945 4140; x_wconf 76' lang='lat' dir='ltr'>Mytlterigesclricbte.</span> <span class='ocrx_word' id='word_1_289' title='bbox 995 4045 1088 4109; x_wconf 76' lang='lat' dir='ltr'>Vm.</span> <span class='ocrx_word' id='word_1_290' title='bbox 1118 4048 1147 4109; x_wconf 87' lang='lat'>1.</span> <span class='ocrx_word' id='word_1_291' title='bbox 1293 4054 1296 4061; x_wconf 88' lang='lat'>&#39;</span> <span class='ocrx_word' id='word_1_292' title='bbox 1323 4049 1379 4127; x_wconf 74' lang='lat'>14)</span> <span class='ocrx_word' id='word_1_293' title='bbox 1400 4050 1523 4114; x_wconf 88' lang='lat' dir='ltr'>Libro:</span> <span class='ocrx_word' id='word_1_294' title='bbox 1548 4053 1588 4115; x_wconf 88' lang='lat' dir='ltr'>de</span> <span class='ocrx_word' id='word_1_295' title='bbox 1611 4054 1791 4134; x_wconf 78' lang='lat' dir='ltr'>Zoroastre,</span> <span class='ocrx_word' id='word_1_296' title='bbox 1807 4060 2070 4132; x_wconf 60' lang='lat' dir='ltr'>HermeteTria.</span> 
     </span>
     <span class='ocr_line' id='line_1_32' title="bbox 263 4147 2069 4244; baseline 0 -18"><span class='ocrx_word' id='word_1_297' title='bbox 263 4172 270 4179; x_wconf 84' lang='lat'>&#39;</span> <span class='ocrx_word' id='word_1_298' title='bbox 321 4168 355 4230; x_wconf 86' lang='lat' dir='ltr'>S.</span> <span class='ocrx_word' id='word_1_299' title='bbox 376 4162 460 4226; x_wconf 83' lang='lat' dir='ltr'>xlx</span> <span class='ocrx_word' id='word_1_300' title='bbox 481 4160 517 4222; x_wconf 86' lang='lat' dir='ltr'>ll.</span> <span class='ocrx_word' id='word_1_301' title='bbox 542 4159 631 4221; x_wconf 87' lang='lat' dir='ltr'>Olim</span> <span class='ocrx_word' id='word_1_302' title='bbox 663 4158 761 4218; x_wconf 86' lang='lat' dir='ltr'>etiarn</span> <span class='ocrx_word' id='word_1_303' title='bbox 790 4149 973 4216; x_wconf 79' lang='lat' dir='ltr'>Cadreorth.</span> <span class='ocrx_word' id='word_1_304' title='bbox 998 4147 1078 4231; x_wconf 73' lang='lat' dir='ltr'>Syst.</span> <span class='ocrx_word' id='word_1_305' title='bbox 1100 4151 1152 4210; x_wconf 88' lang='lat' dir='ltr'>in·</span> <span class='ocrx_word' id='word_1_306' title='bbox 1236 4149 1367 4237; x_wconf 85' lang='lat' dir='ltr'>megisto</span> <span class='ocrx_word' id='word_1_307' title='bbox 1400 4167 1433 4214; x_wconf 87' lang='lat' dir='ltr'>et</span> <span class='ocrx_word' id='word_1_308' title='bbox 1463 4152 1761 4222; x_wconf 82' lang='lat' dir='ltr'>Sanchuniathone.</span> <span class='ocrx_word' id='word_1_309' title='bbox 1807 4161 1959 4228; x_wconf 81' lang='lat' dir='ltr'>Norimb.</span> <span class='ocrx_word' id='word_1_310' title='bbox 1990 4171 2069 4244; x_wconf 79' lang='lat'><strong>631.</strong></span> 
     </span>
     <span class='ocr_line' id='line_1_33' title="bbox 320 4251 2068 4356; baseline 0.002 -33"><span class='ocrx_word' id='word_1_311' title='bbox 320 4270 390 4331; x_wconf 70' lang='lat' dir='ltr'>tan.</span> <span class='ocrx_word' id='word_1_312' title='bbox 412 4279 485 4345; x_wconf 79' lang='lat'><strong>373.</strong></span> <span class='ocrx_word' id='word_1_313' title='bbox 516 4259 549 4324; x_wconf 75' lang='grc' dir='ltr'>ΙΙ.</span> <span class='ocrx_word' id='word_1_314' title='bbox 572 4259 623 4322; x_wconf 90' lang='lat' dir='ltr'>ed.</span> <span class='ocrx_word' id='word_1_315' title='bbox 647 4257 761 4320; x_wconf 77' lang='lat' dir='ltr'>Moab.</span> <span class='ocrx_word' id='word_1_316' title='bbox 789 4257 860 4319; x_wconf 84' lang='lat' dir='ltr'>len.</span> <span class='ocrx_word' id='word_1_317' title='bbox 1237 4251 1292 4328; x_wconf 87' lang='lat' dir='ltr'>(lu</span> <span class='ocrx_word' id='word_1_318' title='bbox 1333 4251 1453 4317; x_wconf 88' lang='lat' dir='ltr'>summa</span> <span class='ocrx_word' id='word_1_319' title='bbox 1492 4256 1583 4319; x_wconf 85' lang='lat' dir='ltr'>causa</span> <span class='ocrx_word' id='word_1_320' title='bbox 1614 4258 1799 4324; x_wconf 82' lang='lat' dir='ltr'>Bruclterue</span> <span class='ocrx_word' id='word_1_321' title='bbox 1836 4262 1915 4328; x_wconf 88' lang='lat' dir='ltr'>huic</span> <span class='ocrx_word' id='word_1_322' title='bbox 1946 4270 2068 4356; x_wconf 69' lang='lat' dir='ltr'>01ti</span> 
     </span>
     <span class='ocr_line' id='line_1_34' title="bbox 408 4353 1798 4451; baseline -0.004 -22"><span class='ocrx_word' id='word_1_323' title='bbox 408 4366 599 4451; x_wconf 79' lang='lat' dir='ltr'>13)1ntpp.</span> <span class='ocrx_word' id='word_1_324' title='bbox 638 4359 763 4420; x_wconf 84' lang='lat' dir='ltr'>Marini</span> <span class='ocrx_word' id='word_1_325' title='bbox 783 4358 824 4419; x_wconf 83' lang='lat' dir='ltr'>V.</span> <span class='ocrx_word' id='word_1_326' title='bbox 854 4353 987 4429; x_wconf 86' lang='lat' dir='ltr'>Procli,</span> <span class='ocrx_word' id='word_1_327' title='bbox 1017 4376 1052 4438; x_wconf 89' lang='lat' dir='ltr'>p.</span> <span class='ocrx_word' id='word_1_328' title='bbox 1078 4369 1153 4415; x_wconf 75' lang='lat' dir='ltr'>tsi.-</span> <span class='ocrx_word' id='word_1_329' title='bbox 1236 4370 1303 4414; x_wconf 81' lang='lat' dir='ltr'>non</span> <span class='ocrx_word' id='word_1_330' title='bbox 1325 4357 1583 4434; x_wconf 82' lang='lat' dir='ltr'>accommodate,</span> <span class='ocrx_word' id='word_1_331' title='bbox 1618 4361 1798 4445; x_wconf 88' lang='lat' dir='ltr'>opposuit.)</span> 
     </span>
     <span class='ocr_line' id='line_1_35' title="bbox 323 4455 2116 4548; baseline 0.001 -18"><span class='ocrx_word' id='word_1_332' title='bbox 323 4455 1154 4547; x_wconf 50' lang='lat' dir='ltr'>admotum,wyttenbach.·dEunap.11.p.</span> <span class='ocrx_word' id='word_1_333' title='bbox 1328 4456 1383 4533; x_wconf 81' lang='lat'>¹5)</span> <span class='ocrx_word' id='word_1_334' title='bbox 1416 4460 1527 4523; x_wconf 81' lang='lat' dir='ltr'>Etiam</span> <span class='ocrx_word' id='word_1_335' title='bbox 1572 4457 1764 4548; x_wconf 73' lang='lat' dir='ltr'>casauboni,</span> <span class='ocrx_word' id='word_1_336' title='bbox 1799 4468 1935 4533; x_wconf 79' lang='lat' dir='ltr'>Exerce-</span> <span class='ocrx_word' id='word_1_337' title='bbox 1972 4476 2073 4541; x_wconf 76' lang='lat' dir='ltr'>anti.</span> <span class='ocrx_word' id='word_1_338' title='bbox 2113 4474 2116 4479; x_wconf 87' lang='lat'>&#39;</span> 
     </span>
     <span class='ocr_line' id='line_1_36' title="bbox 322 4558 1491 4649; baseline -0.007 -19"><span class='ocrx_word' id='word_1_339' title='bbox 322 4581 375 4649; x_wconf 74' lang='lat'>38.</span> <span class='ocrx_word' id='word_1_340' title='bbox 400 4566 501 4631; x_wconf 83' lang='lat' dir='ltr'>Boiis.</span> <span class='ocrx_word' id='word_1_341' title='bbox 1241 4558 1308 4618; x_wconf 77' lang='lat' dir='ltr'>bar.</span> <span class='ocrx_word' id='word_1_342' title='bbox 1329 4559 1358 4620; x_wconf 91' lang='lat'>1.</span> <span class='ocrx_word' id='word_1_343' title='bbox 1381 4582 1415 4621; x_wconf 90' lang='lat' dir='ltr'>n.</span> <span class='ocrx_word' id='word_1_344' title='bbox 1441 4579 1491 4622; x_wconf 83' lang='lat' dir='ltr'>so.</span> 
     </span>
    </p>
   </div>
   <div class='ocr_carea' id='block_1_11' title="bbox 0 0 2434 5940">
    <p class='ocr_par' dir='ltr' id='par_1_12' title="bbox 0 0 2434 5940">
     <span class='ocr_line' id='line_1_37' title="bbox 0 0 2434 5940; baseline 0 0"><span class='ocrx_word' id='word_1_345' title='bbox 0 0 2434 5940; x_wconf 95' lang='lat' dir='ltr'> </span> 
     </span>
    </p>
   </div>
  </div>
 </body>
</html>
