4860 5940
827 282 1190 426 ..gg-

130 565 205 634 μεις
231 537 413 634 γενόμενοι,
442 537 474 609 ἐν
499 545 571 627 θεῷ
597 536 802 631 asareem.)
857 539 928 610 Sed
953 538 1043 609 licet
1069 537 1171 611 inter
1198 535 1389 638 gnosticos
1418 540 1518 613 solos
1557 536 1739 616 nostrates
1777 568 1880 619 com·

128 659 317 752 paruerit;
345 681 428 730 non
456 658 624 728 alienum
649 674 777 728 tamen
801 654 880 729 suit
906 682 926 728 a
953 648 1161 731 Platonicis
1190 660 1304 730 etiarn
1331 660 1500 733 decretis.
1531 665 1578 730 Et
1617 687 1707 733 cum
1734 688 1756 735 a
1781 665 1877 754 λόγῳ

129 775 223 847 dicit
251 775 453 871 δημιουργὸν
477 781 554 847 νοῦν
572 776 796 857 conditum
823 777 920 848 clare
948 777 983 848 se
1009 772 1189 873 gnosticis
1218 778 1394 873 opponit.
1431 774 1621 850 Postremo
1647 776 1756 875 possit
1782 778 1879 853 istud

126 916 165 990 p.
195 898 218 965 6
247 919 300 966 a.:
331 894 372 967 τὸ
397 896 426 964 ὲν
446 895 496 966 oei
515 894 646 979 βλέπον
675 894 730 964 καὶ
751 892 895 979 drosos,
921 896 1028 984 λόγος
1047 904 1227 993 κυρίου-
1253 896 1298 967 ad
1320 897 1458 967 Matth.
1478 902 1513 982 6,
1536 919 1607 985 23,
1627 905 1793 987 Luolt,
1815 923 1875 989 35.

126 1016 182 1085 10.
216 1037 248 1099 t,
278 1040 312 1108 9.
340 1010 494 1097 referrl3
520 1010 595 1085 nili
619 1012 932 1108 Epicharmi-sit:
966 1019 1046 1098 νοῦς
1085 1021 1148 1115 ὁρᾷ
1187 1015 1243 1087 ael
1280 1020 1360 1095 νοῦς
1387 1013 1513 1096 taedae,
1549 1018 1595 1087 rei
1623 1016 1743 1088 δ’ἅλλα
1770 1021 1876 1107 κωφὰ

126 1133 184 1204 atei
212 1132 346 1221 τυφλά.

230 1301 349 1374 trin
376 1300 521 1373 librum
547 1304 610 1371 1v.
640 1301 776 1389 (κλεῖδα
816 1301 1029 1395 dictum)e
1064 1303 1245 1379 Ioanneis
1285 1303 1569 1377 commentariis
1606 1304 1731 1399 aliqua
1768 1304 1876 1379 illata

125 1416 314 1492 videntur.
344 1426 384 1492 P.
401 1444 470 1493 ιι..
490 1444 520 1490 a.
535 1424 639 1490 τοῦτο
659 1419 760 1521 po'vae
780 1426 941 1516 σωτήριον
970 1427 1149 1520 Madaro,
1171 1430 1294 1513 γνῶσις
1313 1429 1396 1492 Sedu
1415 1460 1465 1477 ·-
1489 1429 1545 1494 10.
1577 1445 1635 1509 17,
1648 1445 1681 1509 3.
1706 1421 1874 1496 Ibidem:

125 1532 202 1608 oia
230 1543 346 1629 ἀγνοεῖ
364 1540 443 1616 θεὸς
461 1538 659 1634 ἅνθρωποι,
682 1536 776 1607 ἀλλὰ
801 1546 954 1637 γνωρίζει
981 1545 1036 1614 καὶ
1055 1547 1146 1615 θέλει
1166 1545 1400 1636 γνωρίζεσθαι,
1428 1566 1476 1612 ex
1495 1541 1629 1611 eodem
1648 1541 1785 1635 capite,
1813 1538 1875 1625 stc,

126 1674 169 1727 ut
195 1654 243 1729 ad
268 1657 444 1729 homines
471 1655 610 1727 iterum
637 1656 753 1729 relata
780 1654 863 1744 fint,
891 1684 986 1754 quae
1013 1662 1058 1734 de
1080 1655 1224 1733 Christo
1251 1659 1333 1730 illic
1349 1661 1578 1756 legerentur.
1615 1663 1664 1730 Et
1688 1683 1731 1733 rs
1760 1684 1815 1731 a:
1843 1661 1875 1729 ἐκ

124 1777 229 1869 ἐκείνῃ
256 1782 300 1870 τῇ
323 1774 394 1869 ὥρᾳ
413 1775 459 1845 de
486 1770 661 1847 ecstaseos
689 1794 870 1870 tempore.
923 1778 1069 1855 Ibidem
1110 1796 1237 1850 autem
1284 1775 1502 1871 oppositum
1539 1773 1769 1863 christianis,
1809 1803 1873 1849 ne-

122 1895 270 1966 minem
307 1894 490 1965 coelitum
528 1891 569 1964 in
604 1910 721 1965 terras
757 1891 997 1970 descendere:
1061 1900 1135 1969 ὅδὲ
1165 1896 1345 1991 ἅνθρωπος
1384 1896 1440 1965 καὶ
1471 1896 1596 1974 ciceia
1624 1892 1765 1990 riparia
1795 1901 1875 1966 iva·

122 2016 242 2098 βαίνει.
296 2011 503 2083 Paulinum
530 2010 628 2083 illud
654 2013 775 2099 redit,
815 2032 903 2085 ante
930 2015 1009 2087 iam
1034 2015 1150 2089 nobis
1177 2011 1452 2113 fignificatum:
1479 2021 1542 2105 τῆς
1564 2009 1872 2104 εἰσιβείαςὰῑῶκα

122 2134 361 2226 ἀγωνίζεσθαι.
416 2128 600 2203 Additur:
629 2132 720 2220 ἁγὼν
740 2124 940 2217 εὐσεβείας,
972 2136 1013 2207 τὸ
1035 2142 1158 2227 γνῶναι
1178 2135 1268 2220 θεὸν,
1297 2131 1484 2228 practicae
1505 2130 1633 2205 forsan
1653 2129 1873 2205 christiano·

122 2275 210 2322 rum
236 2249 431 2321 doctrinae
460 2246 686 2344 opposrtum.
713 2286 767 2303 -·
817 2254 1111 2327 Memorabilem
1148 2253 1273 2325 reddit
1312 2251 1544 2348 opinionem
1578 2251 1744 2336 ibidem,
1784 2275 1874 2323 cum

119 2369 276 2463 propria
303 2367 367 2439 sua
402 2385 530 2439 mente
565 2367 687 2438 malos
715 2365 761 2437 ad
795 2373 1031 2463 peccandum
1058 2372 1241 2445 solicitari
1279 2369 1397 2457 dicit,
1437 2388 1549 2465 atque
1586 2370 1750 2467 peccatis
1777 2367 1871 2442 adeo

120 2487 263 2582 puniri.
318 2493 440 2555 Κακῶν
463 2488 588 2565 ὄνοῦς,
612 2484 686 2571 ait,
716 2483 870 2565 ⁸153thth
892 2494 941 2565 εἷς
965 2491 1025 2585 τὴν
1056 2495 1162 2583 dordr]
1189 2490 1337 2585 ψυχὴν,
1366 2494 1532 2584 αἰκίζεται
1564 2482 1671 2580 airiya
1699 2493 1777 2565 reis
1804 2493 1874 2559 τῶν

124 2604 378 2701 ἁμαρτημάτων
409 2590 563 2700 μιίςιξι,Ι
594 2602 636 2674 in
664 2604 823 2698 repetita
852 2606 995 2679 scilicet
1029 2605 1189 2681 terrestri
1224 2608 1316 2680 vita.
1378 2607 1741 2702 Interpretationem
1774 2606 1874 2679 hanc

101 2706 327 2817 ‘opinamur
353 2723 544 2822 dogmatis
572 2722 617 2793 de
644 2719 877 2795 daemonum
897 2718 1125 2799 ¹venatione:
1153 2750 1246 2797 nam
1273 2725 1341 2823 qui
1367 2750 1388 2797 e
1416 2732 1553 2797 Graeca
1587 2722 1771 2822 potestate
1804 2748 1873 2796 vo·

120 2840 249 2913 rabuli
275 2845 402 2937 δαίμων
431 2841 667 2938 cogitarent,
696 2865 778 2915 non
805 2860 984 2938 poterant
1009 2869 1092 2917 nou
1119 2843 1165 2918 de
1192 2846 1295 2919 bona
1321 2862 1452 2919 mente
1478 2840 1576 2917 istud
1602 2844 1783 2940 accipere.

223 3024 342 3094 Libro
369 3028 412 3093 V.
441 3019 660 3109 (deranviyc
680 3022 698 3089 d
723 3020 815 3095 Seis.
838 3022 1100 3113 φακερὼτατος)
1128 3046 1164 3112 p.
1182 3022 1274 3091 leb.
1289 3029 1374 3089 cio.
1392 3042 1426 3105 3,
1447 3044 1489 3090 ιι
1517 3021 1542 3088 s.
1562 3022 1654 3089 licet
1674 3016 1872 3114 perperam

120 3139 336 3223 intellectis,
364 3136 555 3210 redditum
566 3133 737 3206 videtur:
765 3140 794 3205 el
813 3134 854 3206 ri
873 3136 904 3204 ἐκ
923 3136 974 3205 oei
993 3139 1124 3223 ἆφανὲς
1146 3137 1215 3205 ἐστι
1236 3138 1299 3214 σοὶ,
1320 3142 1394 3212 πῶς
1412 3131 1521 3211 αὐτὸς
1538 3136 1568 3204 ἐκ
1586 3140 1784 3223 assurgebat
1802 3145 1871 3209 τῶν

121 3263 317 3354 ὀφέιιλμῶν
331 3259 382 3327 σοὶ
399 3260 609 3348 Caricam
638 3253 772 3325 Censet
782 3251 889 3325 euim
908 3253 948 3323 in
966 3268 1093 3323 mente
1116 3253 1323 3350 genuinam
1338 3274 1553 3348 comparere
1563 3252 1635 3323 Dei
1650 3254 1870 3351 imaginem.

121 3379 261 3471 Νόησις,
289 3375 448 3459 dixerat,
475 3374 559 3469 μόνη
574 3374 637 3467 ὁρᾷ
652 3372 691 3442 τὸ
712 3374 856 3458 ἀφανὲς,
885 3368 933 3448 ὥς
950 3372 1005 3441 nai
1024 3365 1113 3463 asari)
1133 3372 1269 3465 ‹iQaviyc
1288 3364 1386 3449 οὖσα,
1414 3377 1443 3442 εἰ
1471 3369 1621 3451 deivarae,
1647 3378 1721 3449 reis
1734 3379 1795 3443 aei
1810 3378 1868 3444 κοῦ

121 3497 323 3592 ὀφθαλμοῖς
337 3497 535 3585 φανήσεται.
547 3528 600 3545 --
617 3495 718 3560 Τιιιιι
736 3514 834 3586 quae
849 3515 886 3585 p.
909 3509 953 3577 13
974 3515 1005 3561 a.
1024 3491 1226 3587 leguntur:
1245 3496 1299 3566 τίς
1317 3492 1334 3561 e‘
1355 3492 1458 3561 τοῦτο
1480 3493 1704 3587 scarapsus,
1732 3516 1869 3586 nempe

121 3617 207 3712 quis
246 3610 413 3686 creavit?
466 3613 595 3698 (Prov.
624 3630 657 3695 u,
689 3627 748 3699 aa.
785 3608 999 3680 electione
1026 3609 1211 3701 ἐκτήσατο,
1248 3625 1313 3678 aut
1342 3627 1402 3692 17,
1431 3631 1491 3679 ur.
1520 3613 1734 3703 κεκτημένος,
1763 3610 1869 3704 quod

117 3735 165 3808 de
193 3748 345 3829 parente
371 3727 544 3825 plerique
570 3728 788 3821 accepere),
817 3727 1017 3822 multoque
1043 3728 1165 3825 magis
1192 3725 1400 3799 formulae:
1440 3733 1502 3818 γῆν
1533 3725 1677 3820 {sperae
1707 3765 1754 3780 -
1806 3734 1867 3796 Sa-

118 3854 230 3947 λὰσσῃ
257 3850 358 3943 ὅρους
382 3884 435 3899 -
461 3848 584 3916 ἑαυτοῦ
616 3844 785 3937 θελήματι
808 3848 934 3917 Deum
961 3840 1146 3928 creavisse,
1173 3845 1354 3939 aliaeque,
1390 3842 1437 3915 ad
1464 3850 1499 3917 S.
1526 3849 1561 3917 S.
1589 3844 1741 3941 aliquos
1760 3847 1867 3919 locos

115 3970 335 4067 respiciunt.
362 4002 414 4017 -
458 3969 509 4036 Et
534 3964 624 4035 licet
649 3961 818 4035 sormula
843 3960 1107 4059 pantheistica,
1136 3987 1231 4059 quae
1258 3988 1293 4057 p.
1325 3984 1372 4050 13
1399 3963 1436 4034 b.
1463 3963 1623 4059 legitur:
1670 3964 1712 4035 σὺ
1736 3962 1769 4035 ri
1791 3964 1867 4036 ὂὸκ

118 4085 167 4171 el,
198 4088 238 4161 cir
268 4084 350 4171 ὁέἷ,
390 4081 466 4154 daia
501 4081 662 4153 κοιῶκαὶ
690 4082 793 4174 λέγω·
824 4080 865 4152 σὺ
887 4082 954 4175 γὰρ
979 4080 1091 4152 πάντα
1115 4078 1148 4152 el
1166 4119 1219 4134 -
1253 4084 1367 4177 plane
1406 4082 1640 4155 conveniant
1666 4078 1867 4181 gnosticae,

116 4209 306 4305 Epiphan.
336 4209 469 4295 ι6,·4;
506 4199 587 4272 eius
614 4218 741 4271 tamen
769 4198 898 4272 sensus
924 4224 1006 4272 non
1036 4201 1181 4272 alienus
1208 4194 1257 4272 est
1284 4200 1330 4271 ab
1357 4199 1418 4272 his
1444 4201 1564 4274 libris.
1617 4206 1781 4283 Verum,
1824 4218 1867 4271 ur

117 4327 188 4403 fibi
214 4339 376 4423 cognata
414 4321 491 4393 fere
525 4318 686 4392 fuerunt
721 4318 763 4391 in
796 4317 1114 4415 philosophorum
1154 4319 1333 4403 decretis,
1371 4344 1465 4414 quae
1503 4344 1658 4392 onmem
1699 4336 1869 4391 urentem

117 4444 321 4527 excedant,
349 4460 387 4512 et
423 4464 519 4535 quae
547 4463 566 4508 a
594 4435 867 4508 materialismo
914 4435 1089 4534 proxime
1128 4434 1268 4519 absrnt3
1308 4437 1350 4509 in
1387 4437 1446 4510 his
1481 4439 1596 4509 etiam
1638 4435 1789 4532 scriptis
1825 4462 1867 4511 ea

118 4562 298 4663 cognatio
326 4561 486 4633 obtinet.
536 4561 595 4631 Eo
622 4556 728 4629 enim
753 4550 912 4629 subinde
942 4552 1133 4654 progressa
1158 4552 1209 4629 est
1233 4557 1333 4629 ratio
1360 4580 1493 4629 eorum
1518 4550 1784 4653 pantheistica‚
1825 4552 1881 4629 ut’
