4860 5940
860 422 1202 489 -r-

156 604 374 683 bmdintust
405 607 446 680 in
474 608 698 691 summare,
726 622 765 675 et
791 604 832 677 in
851 602 1068 701 praecipuis
1089 602 1300 675 libris'non
1329 603 1421 675 tales
1449 616 1685 697 comparent.
1725 609 1857 698 Neque
1867 604 1908 675 id

159 745 318 826 propter
342 726 536 801 eos³lolos
561 727 689 810 locos,
717 724 785 819 qui
810 723 859 795 ad
892 728 1066 795 Deorum
1102 724 1251 795 cultum
1284 721 1520 819 respiciunt;
1556 724 1617 797 sed
1645 741 1797 819 propter
1833 720 1908 793 dis·

90 878 93 885 ·
160 851 305 920 crimen
331 842 585 943 potissimum,
615 845 718 939 quod
745 842 1147 917 Platonicis-ethnicis
1174 869 1263 915 cum
1290 838 1501 915 christianis
1527 844 1748 926 intercedit,
1789 858 1827 913 et
1852 841 1907 935 ip·

160 966 243 1037 sunt
271 965 370 1037 olibi·
388 964 504 1037 nobis
532 960 839 1036 demunstrattnn.
869 953 921 1053 ¹⁶)
963 960 1071 1035 ln'est
1098 960 1192 1035 istud
1219 964 1261 1033 in
1288 963 1383 1035 locis
1411 962 1457 1033 de
1474 966 1569 1053 ⁸Deo
1596 978 1636 1034 et
1666 960 1711 1033 dc
1745 959 1907 1031 coniun-

159 1079 288 1157 ctione
306 1108 393 1155 cum
409 1082 493 1179 ipso
507 1081 695 1159 ineunda:
723 1106 818 1178 quae
844 1076 1058 1163 christiania·
1081 1077 1282 1155 modestius
1309 1080 1431 1179 magia
1450 1079 1765 1165 describebantur,
1793 1100 1909 1173 quatu

158 1199 327 1277 eitudem
349 1202 496 1275 scholae
513 1202 678 1275 ethnicis
689 1229 700 1285 3
728 1220 782 1273 ut-
799 1200 1208 1275 illic-euremolionab
1224 1200 1394 1273 'humana
1413 1200 1672 1298 intelligentia
1692 1203 1795 1269 Deus
1817 1220 1909 1267 con·

146 1322 369 1416 ciperetur,
397 1338 436 1393 et
463 1322 687 1395 coniunctio
714 1321 845 1393 minuc
872 1322 919 1391 ab
946 1319 1029 1417 ipso
1056 1318 1436 1405 hominejncuuda,
1463 1319 1546 1405 scd,
1575 1320 1617 1391 in
1646 1342 1759 1413 quam
1784 1315 1820 1386 se
1847 1313 1910 1383 de·

147 1438 245 1513 duci
270 1442 402 1535 potins
430 1440 590 1512 coelitus
607 1440 811 1533 pateretur.
874 1447 926 1511 Ut
951 1441 1052 1535 apud
1080 1438 1309 1533 Dionysium
1327 1439 1677 1537 Areopagitamres
1702 1426 1910 1530 planissime

145 1554 414 1651 aposrtwest.
446 1552 496 1647 ¹⁷)
541 1557 702 1628 {Deinde
727 1556 796 1653 qui
823 1584 870 1630 eac
897 1564 1009 1653 parte
1035 1555 1226 1631 christiani
1252 1554 1465 1633 exstinctint
1491 1556 1626 1629 sectilis
1651 1554 1822 1627 maxime
1846 1550 1907 1633 iia,

145 1670 297 1773 &quibus
322 1676 400 1746 iam
420 1670 694 1747 ad'interitum
718 1684 896 1749 verteret:
916 1702 979 1751 rer
1009 1678 1245 1776 'gentilium
1275 1678 1365 1749 scite
1398 1676 1446 1749 ab
1481 1675 1724 1759 Mocheurio,
1766 1692 1909 1767 magno

147 1796 254 1867 -oliut
279 1794 483 1864 literarum·
503 1795 805 1893 theologicarum
823 1800 880 1866 'et'
894 1820 978 1867 raro
1006 1796 1209 1894 praesidio,
1227 1791 1442 1867 monstrati-
1461 1792 1592 1878 sunt,
1616 1794 1717 1863 libro
1752 1788 1798 1861 de
1834 1806 1910 1857 tur·

144 1911 242 2005 jbata
268 1935 338 2007 per
362 1912 581 1983 Platonicos
617 1910 778 1986 ecclesia.
845 1913 916 1987 Sed
950 1915 1041 1987 sunt
1078 1915 1119 1987 in
1149 1916 1209 1989 bia
1244 1914 1360 1987 etiam
1385 1911 1648 1995 discernendi,
1677 1911 1745 2005 qui
1780 1904 1908 1980 neutri

153 2031 256 2127 parti
307 2029 482 2102 faverent
517 2033 581 2119 (ut
616 2028 846 2127 hypsrstarii,
900 2035 1120 2129 nuperrime
1165 2032 1492 2107 etiam···maxime
1527 2022 1797 2123 controversi),
1845 2024 1909 2096 de·

146 2148 268 2234 inde,
296 2146 368 2245 qut
390 2151 436 2221 de
463 2147 645 2221 'omnibus
671 2146 750 2221 istis
777 2150 1048 2247 opinionibus.
1072 2172 1144 2227 aut
1169 2150 1424 2253 religionibus
1460 2152 1523 2225 suu
1559 2147 1726 2223 facerent
1760 2146 1906 2239 aliqua:

153 2266 340 2363 denique,
368 2264 648 2366 qui'gentilem
673 2268 833 2355 causuui,
859 2272 977 2367 'quun
994 2276 1199 2361 ‘tenerent,
1226 2274 1272 2347 iu
1297 2268 1369 2351 ista.
1388 2264 1605 2365 tempestate
1623 2262 1907 2339 dissimularent.

146 2382 266 2461 Nihil
291 2404 420 2458 namen
446 2412 521 2459 noa
548 2386 808 2485 iuverit,'qui
834 2392 927 2463 tales
955 2392 1144 2487 querclam
1169 2390 1370 2467 crediderit
1387 2390 1695 2465 Hermeticorum
1716 2384 1908 2455 librorum

155 2520 337 2576 auctores.
406 2509 557 2575 Horum
592 2506 698 2577 euim
731 2504 877 2579 summa
913 2527 1013 2582 certe
1049 2528 1116 2583 aut
1147 2536 1228 2585 unt
1266 2510 1384 2583 etium
1420 2507 1528 2581 causa
1564 2506 1694 2605 egitur
1725 2504 1770 2577 iu
1795 2500 1908 2571 rebus

154 2622 400 2695 ethnicorum
426 2623 682 2717 explicandis,
724 2640 761 2695 et
795 2630 888 2697 r'ero
926 2626 1188 2705 defendendis.
1249 2629 1387 2723 Aliqua
1422 2628 1537 2699 etiam
1574 2621 1654 2697 istic
1688 2618 1908 2695 nonnullis.

154 2757 199 2811 ut
224 2740 295 2834 ipsr
323 2741 571 2828 casaubono,
600 2738 799 2813 christiana
829 2744 969 2817 credita
997 2749 1106 2835 sunt,
1134 2752 1231 2845 quu'e
1256 2746 1455 2822 Platonica
1492 2745 1623 2841 potius
1657 2741 1829 2815 habenda
1856 2736 1909 2807 es-

144 2856 249 2929 sent.
302 2856 506 2943 Postremo,
533 2861 742 2953 quoniam,
769 2864 837 2958 qui
866 2864 967 2936 inter
993 2866 1083 2939 illos
1109 2869 1231 2941 libror
1258 2868 1450 2948 eminent,
1486 2882 1591 2935 certo
1625 2861 1784 2937 consilio
1819 2878 1911 2927 con-

146 2974 284 3062 -scripti
313 2975 422 3051 sunt,
449 2971 800 3061 eodemque-'plana
835 2981 1405 3061 comprehendente-*qm
1428 2978 1479 3039 clo
1514 2980 1728 3061 corruptela
1775 2976 1910 3060 opinu-

151 3110 243 3159 mur
268 3086 517 3183 cogitandum
544 3078 649 3169 esse„
673 3084 714 3152 ea
751 3081 928 3178 quidem,
957 3108 1056 3180 quau
1081 3102 1324 3157 momentum
1345 3084 1486 3157 ¹iaciat:
1513 3086 1554 3157 in
1579 3111 1659 3181 quo
1679 3084 1819 3157 criseoa
1846 3108 1908 3181 ge·

153 3228 244 3279 nere
282 3198 446 3275 omuino
484 3198 623 3273 sciunu
658 3218 798 3273 temere
831 3200 1044 3298 plurimum
1074 3200 1132 3273 'et·
1157 3200 1222 3274 stc'
1241 3202 1381 3275 versari
1425 3205 1560 3275 doctos
1602 3204 1802 3287 homlner,
1852 3218 1909 3289 ut,

154 3322 222 3395 ubi
260 3320 528 3417 incipiendum
565 3320 631 3405 sit,
674 3321 865 3417 quibusve
897 3318 1042 3393 finibus
1078 3322 1318 3416 corruptelae
1352 3321 1650 3409 contineantur,
1698 3324 1769 3397 vix
1805 3320 1908 3418 apud

156 3438 192 3515 se
219 3436 468 3513 constitutum
496 3439 670 3509 habeant.

145 3692 150 3703 ι
257 3615 399 3681 Verum
433 3611 603 3707 neglecta
639 3607 762 3679 adbuc
793 3609 1022 3705 plerumque
1061 3609 1270 3705 opinemur
1306 3634 1348 3715 ea
1375 3609 1583 3709 gentilium
1611 3608 1906 3685 Platonicorum

148 3724 297 3813 studia,
326 3750 492 3823 quorum
519 3728 560 3797 in
590 3727 648 3799 his
675 3726 784 3799 libris
809 3722 967 3823 vestigia
993 3744 1250 3822 compareant.
1304 3734 1516 3823 Coeperant
1542 3754 1692 3823 nempe,
1730 3752 1819 3801 cum
1845 3750 1904 3799 uc·

141 3848 322 3939 curatius
351 3843 616 3943 cognovissent
641 3862 679 3915 et
706 3844 895 3914 librorum
923 3844 1113 3917 sacrorum
1139 3863 1408 3945 argumentum
1436 3866 1475 3919 et
1500 3848 1718 3921 doctrinam
1740 3842 1906 3919 christic-

154 3988 273 4050 nam,
311 3963 372 4035 his
398 3965 441 4034 in
470 3964 574 4035 suam
601 3961 769 4060 ipsorum
796 3963 945 4037 causam
971 3963 1092 4035 abuti.
1117 4000 1121 4005 ·
1144 3964 1308 4051 Scilicet,
1334 3966 1395 4036 vel
1422 3963 1484 4052 stc,
1511 3984 1556 4039 ut
1582 3966 1632 4039 iic
1657 3965 1696 4038 se
1721 3965 1906 4063 partibus,

143 4184 360 4205 ’ἡο-

145 4358 151 4369 ·
240 4334 298 4413 16)
320 4338 365 4401 L.
388 4359 417 4399 c·
441 4347 502 4414 οδε
536 4332 568 4397 sl'.
902 4389 908 4403 .
1077 4358 1170 4413 reta,
1193 4355 1227 4403 et
1249 4338 1493 4427 ungererisuur.
1524 4342 1644 4403 l‘eruur
1672 4338 1815 4403 delinere
1837 4352 1905 4403 tum

239 4442 295 4507 ¹7)
317 4440 379 4501 llis
401 4444 497 4523 plane
520 4438 666 4522 oppositu
691 4438 764 4503 suut
784 4440 898 4503 Poem.
924 4439 982 4501 IV.
1060 4442 1252 4527 eloquendi
1289 4446 1496 4519 santltrtem,
1533 4458 1567 4505 et
1602 4444 1746 4527 incipere
1776 4408 1906 4519 camaria

157 4556 206 4603 ιο.
218 4558 257 4601 02:
280 4543 399 4603 lletum
414 4541 597 4603 divinarum
617 4539 802 4623 adspectum
826 4542 907 4605 dicit
923 4567 989 4607 non
1077 4548 1167 4609 illam
1180 4543 1346 4619 sacramur
1369 4541 1561 4624 αἰσθήσεων
1584 4538 1787 4630 καταργὶαν,
1811 4564 1905 4631 quotu

151 4628 233 4723 ptit
248 4660 286 4699 ιν
312 4636 418 4701 ποιεῖν
440 4630 519 4719 τοὺς
539 4632 756 4727 ὀφθαλμούς,
780 4643 834 4707 sed
864 4636 989 4730 inup-
1076 4645 1155 4709 sicut
1177 4647 1393 4711 Alexandrini
1416 4646 1584 4711 describit.
