4860 5940
319 485 454 535 corum
480 444 708 555 patrumque
735 452 904 528 ecclefiae
929 452 1078 550 scriptis
1106 455 1226 541 eruit,
1251 450 1466 551 posthunc
1489 454 1578 543 clii,
1607 445 1660 547 ²⁸)
1704 459 1906 554 praecipue
1939 476 2077 532 autem

318 579 545 654 Franciscus
570 576 773 663 Patritius,
811 575 881 671 qui
914 599 1035 667 nopae
1068 574 1155 645 suae
1193 574 1240 646 de
1275 568 1447 676 universo
1473 569 1735 678 philosophiae
1759 577 1847 650 illos
1873 566 2077 651 adiunxit.

319 704 436 772 Exeo
449 717 535 769 tum
560 697 731 793 plerique
756 719 915 783 omnes,
930 694 1000 790 qui
1017 693 1139 764 libros
1153 688 1241 764 istos
1263 691 1465 765 ediderunt
1490 711 1603 792 etque
1628 695 1867 791 interpretati
1885 696 1998 784 sunt3
2028 697 2077 771 in

320 813 596 891 constituendis
647 815 968 908 emendandisque
1004 808 1084 908 post
1122 811 1348 899 Patritium,
1398 812 1557 910 ingenio
1593 815 1715 912 magis
1751 840 1869 910 quam
1901 816 2079 890 externis

320 935 516 1032 praesidiis
541 932 618 1018 us1,
656 933 773 1017 etiam
807 932 1018 1004 Heerenius
1045 932 1093 1002 ad
1119 931 1271 1002 Stobaei
1298 934 1472 1031 eclogas,
1508 957 1599 1028 quas
1637 934 1852 1027 plurimum
1878 936 2078 1007 librorum

321 1052 481 1128 istorum
507 1052 670 1136 reddere,
696 1048 930 1123 notissimum
957 1046 1017 1122 est.
1054 1047 1187 1122 Nostra
1213 1068 1334 1122 aetate
1354 1053 1437 1124 nit.
1455 1050 1737 1123 Tiedemennus
1763 1050 1810 1123 de
1830 1053 2077 1126 Poemandro

320 1174 420 1246 bene
443 1172 659 1259 merebatur
666 1198 678 1257 ς
698 1163 751 1260 ²⁹)
779 1173 889 1242 cuius
916 1188 1044 1241 tamen
1068 1168 1213 1241 librum
1238 1168 1429 1242 evanuisse
1446 1170 1524 1243 sere
1551 1171 1596 1240 in
1621 1170 1786 1242 literaria
1813 1156 1981 1259 civitate,
2008 1197 2077 1244 ve·

320 1292 517 1362 hementer
543 1288 729 1363 dolemus.
783 1290 955 1362 Omnino
983 1289 1198 1389 optandum
1225 1285 1294 1374 est,
1323 1306 1367 1362 ut
1393 1283 1542 1375 existet,
1579 1290 1647 1385 qui
1678 1308 1827 1385 paratas
1862 1289 1910 1362 ad
1943 1292 2077 1388 philo·

322 1407 503 1504 sophicos
529 1405 620 1484 istos
645 1410 766 1482 libros
793 1407 922 1503 copias
960 1409 1118 1505 colligat
1149 1427 1263 1506 atque
1295 1409 1494 1481 recenseat.
1557 1410 1651 1494 Sed,
1701 1410 1807 1504 quod
1840 1410 1953 1506 supra
1990 1408 2078 1481 iam

321 1526 640 1627 fignificavimus,
677 1529 737 1599 uti
763 1528 806 1598 in
834 1526 1036 1619 Sibyllinis
1075 1529 1240 1600 oraculis
1267 1552 1287 1599 a
1313 1527 1494 1600 Neandro
1529 1527 1762 1623 Bleehioque
1796 1546 1973 1600 notatum
2008 1525 2077 1616 est,

231 1693 236 1701 ·
320 1644 452 1719 inistis
470 1673 624 1745 quoque
641 1648 752 1719 libris
768 1646 902 1735 (etiam
920 1671 1007 1717 cum
1024 1647 1226 1718 coniuncti
1244 1645 1337 1719 editi
1349 1645 1451 1744 sunt)
1482 1646 1601 1740 aliqui
1627 1644 1716 1717 sunt
1736 1648 1940 1743 peculiaris
1957 1648 2078 1719 indo·

321 1765 393 1848 lis;
420 1790 544 1859 neque
570 1762 647 1837 uisi·
664 1767 711 1837 de
746 1757 923 1866 universo
957 1766 1148 1837 librorum
1180 1767 1339 1863 negotio
1365 1767 1464 1837 illud
1491 1764 1702 1850 tuebimur,
1738 1767 1845 1861 quod
1869 1764 2077 1861 principio

321 1883 582 1977 exposuimus
633 1883 843 1956 Libromm
869 1900 1007 1971 nutem,
1035 1886 1164 1980 quales
1191 1885 1314 1956 adhuc
1338 1884 1565 1956 innotuere:
1593 1901 1740 1955 certum
1765 1886 1870 1956 enim
1897 1879 1957 1969 est,
1988 1885 2076 1958 eius

321 2003 474 2102 generis
499 2003 750 2098 nominisque
776 2004 976 2101 ingentem
1001 2003 1126 2074 adhuc
1150 2027 1356 2079 numerum
1380 2001 1509 2076 ubiiis
1535 2004 1662 2087 latere.
1716 2004 1778 2075 sic
1804 2027 1970 2099 quorum
1997 2028 2077 2075 no·

321 2121 429 2193 minc
457 2140 570 2217 atque
596 2140 821 2221 argumenta
847 2147 868 2194 a
893 2121 1095 2194 Plutarcho
1124 2140 1161 2193 et
1181 2123 1228 2194 ab
1255 2118 1423 2195 ecclefiae
1449 2121 1623 2217 patribus
1652 2113 1704 2212 ³⁰)
1731 2122 1947 2207 laudantur,
1983 2121 2074 2215 plu·

240 2282 245 2290 ·
321 2240 421 2312 rima
449 2266 582 2314 eorum
608 2266 696 2336 pars
723 2266 806 2315 non
832 2243 934 2313 inter
955 2241 1171 2313 Hermetica
1196 2235 1319 2312 nostra
1346 2241 1480 2335 scripta
1505 2236 1632 2313 exstat.

424 2356 713 2471 Antiquishmus
740 2381 868 2433 autem
893 2360 996 2431 inter
1021 2361 1259 2431 Hermeticos
1297 2360 1472 2458 dialogus
1507 2356 1644 2443 exstat,
1688 2359 1887 2452 Asclepius
1923 2357 2077 2429 dictus.

321 2478 431 2551 cuius
456 2476 669 2552 versionem
697 2478 865 2554 confecit
890 2481 1075 2576 Apuleius
1102 2477 1211 2564 Aser,
1239 2467 1422 2564 eandem,
1449 2504 1567 2574 quam
1592 2474 1825 2577 Augustinus
1850 2472 2080 2574 cognovisse

320 2595 490 2685 videtur,
520 2619 558 2671 et
583 2600 799 2673 etiamnum
822 2624 898 2673 nos
935 2599 1183 2692 usurpamus3
1233 2604 1370 2669 Graeca
1406 2599 1511 2669 enim
1545 2595 1734 2668 interiere.
1788 2598 1926 2665 Τέλειον
1964 2595 2077 2686 λόγον

319 2718 543 2790 Lactantius
571 2718 681 2792 dixit.
733 2723 852 2792 Illum
876 2719 998 2816 magis
1025 2742 1140 2813 quam
1165 2717 1208 2788 in
1235 2717 1474 2789 Poemandro
1501 2715 1670 2799 factum,
1710 2739 1731 2784 e
1763 2711 1917 2808 vulgari
1942 2714 2077 2787 Plato·
2150 2802 2157 2813 .

318 2832 498 2907 nieorum
525 2836 692 2910 formula
720 2836 971 2933 compostum
998 2836 1205 2909 censemus.
1258 2834 1476 2921 Mundum,
1515 2835 1586 2917 ait,
1622 2832 1832 2905 secundum
1859 2831 1987 2903 ideam
2015 2832 2077 2903 di·

319 2952 454 3027 vinam
481 2959 682 3031 conditum
709 2982 777 3049 per
804 2958 997 3036 animam3
1035 2957 1142 3022 cuius
1179 2954 1362 3019 continua
1399 2954 1514 3018 etiam
1551 2949 1752 3019 efficientia
1786 2949 1960 3020 obtineat
1994 2973 2078 3021 res·

318 3090 393 3155 que
430 3087 469 3130 et
503 3072 648 3129 animet
684 3088 722 3127 et
759 3069 954 3152 gubernet.
1030 3060 1305 3125 Aristotelicum
1329 3064 1458 3128 -urodo
1497 3061 1675 3157 adiungit
1712 3068 1885 3157 quiritum
1919 3079 2079 3159 portem
2135 3144 2141 3151 ,

321 3174 515 3275 (quintam
542 3174 756 3260 esleutiom,
785 3172 1002 3268 theosophis
1030 3171 1121 3243 adeo
1150 3173 1910 3267 celebratan1)·solihominiconcessam,
1946 3183 2077 3257 aethe·

319 3323 422 3369 ream
448 3321 585 3392 nempe
611 3313 808 3377 naturam,
838 3317 909 3388 qua
936 3286 1085 3363 men‘tes
1112 3293 1284 3364 alantur:
1313 3317 1427 3388 quem
1454 3294 1603 3367 sensum
1630 3298 1747 3370 etiam
1773 3301 1882 3372 dicit.
1920 3297 2074 3373 Gnosti-

321 3441 385 3488 cae
403 3417 629 3500 sententiae,
658 3396 913 3485 Zoroastricae
938 3409 1069 3509 igitur,
1096 3411 1294 3505 Asclepius
1323 3412 1420 3484 clare
1447 3414 1675 3503 adversatur,
1703 3435 1741 3490 et
1765 3419 1924 3516 integra,
1954 3445 2075 3515 quant

319 3535 540 3631 profitetur,
569 3532 764 3617 doctrina,
792 3547 831 3601 et
855 3529 1013 3630 singulis
1039 3525 1183 3600 effatis:
1211 3529 1448 3624 praesertim,
1487 3558 1563 3630 quo
1603 3535 1751 3607 bonum
1784 3536 1976 3610 mundum
2011 3526 2099 3612 di-¹

320 3654 415 3727 serte
441 3649 624 3749 professus
652 3647 720 3737 est,
774 3649 884 3722 cuius
922 3651 1004 3721 vim
1039 3648 1156 3720 etiam
1191 3650 1419 3723 continuam
1425 3654 1609 3749 (nempe
1645 3678 1714 3748 per
1747 3652 1880 3750 fidere)
1907 3656 2001 3729 dicit
2026 3656 2072 3726 in

322 3795 505 3864 corpora,
532 3770 592 3842 uti
618 3769 812 3866 spiritus
799 3794 843 3840 ιιι
875 3769 1034 3840 animus.

366 3885 654 3962 Christianae
681 3907 810 3961 autem
835 3887 1056 3983 disciplinae
1082 3886 1280 3982 Asclepius
1308 3884 1346 3959 se
1372 3885 1566 3993 certissime
1591 3890 1783 3986 opposuit.
1829 3895 1931 3962 Nam
1955 3889 2072 3985 poly-

319 4098 526 4119 ῃ

408 4198 464 4278 28)
487 4198 616 4275 Etiam,
650 4199 763 4261 inutili
792 4198 1025 4261 commentario
1055 4196 1149 4259 theo·
1233 4193 1459 4279 negligendus.
1509 4256 1521 4273 Ι

320 4306 431 4390 logico
469 4317 601 4376 auctor,
641 4303 758 4362 Frauc.
799 4298 926 4388 Fluffas
966 4298 1148 4359 Candaslo:
1320 4300 1374 4377 29)
1408 4297 1538 4361 Hermes
1563 4301 1755 4386 Ttismegifls
1792 4297 1990 4361 Poemauder
2027 4333 2070 4347 «-

319 4408 466 4468 Divinus
493 4402 675 4488 Pymander
696 4404 862 4464 Hermetis
884 4404 987 4465 Mero.
1007 4403 1148 4462 Trisme·
1235 4397 1317 4461 Berl.
1343 4408 1417 4477 781.

321 4502 403 4593 gilli.
429 4507 501 4570 C.ol
523 4506 599 4585 630.
622 4507 681 4571 VI.
704 4503 769 4569 Sed
791 4503 955 4591 theologis
975 4504 1059 4566 liber
1079 4522 1147 4564 nou
1319 4501 1378 4581 30)
1397 4506 1574 4591 Praecipue
1597 4506 1699 4573 Clem.
1718 4507 1815 4575 Alex.
1838 4511 1957 4574 strom.
1981 4510 2070 4584 ¹st
