4860 5940
831 446 1188 517 ..19-

135 626 241 701 sonsa.
266 620 318 718 50)
372 632 475 725 Quae
494 627 580 699 licet
605 624 924 723 philosophorum
945 623 1053 699 causa
1071 640 1212 721 agatur,
1234 621 1414 694 facillime
1435 636 1560 691 tamen
1581 644 1601 691 e
1621 614 1745 692 nostra
1766 618 1879 690 ctiam

136 744 296 843 persona
334 744 485 817 definiri
520 741 662 840 potest:
699 768 837 840 nempe
874 762 912 816 et
947 742 1140 843 cogitandi
1176 740 1376 837 disciplina
1412 758 1449 811 et
1476 756 1722 837 argumento,
1762 740 1881 833 longe

133 864 213 937 illis
241 860 456 961 praestitisse
482 864 603 951 hano,
630 886 745 961 quam
768 863 1007 958 spernerent,
1035 860 1319 957 philosophiam
1344 857 1576 942 Aristotelis,
1606 854 1879 951 confusamque

134 982 285 1055 axillis
311 979 443 1053 studiis
470 982 694 1079 plerumque
720 978 893 1055 exstitisse
925 1002 962 1055 et
996 978 1188 1053 historiam
1225 996 1263 1050 ct
1300 996 1491 1051 urentem:
1528 975 1589 1049 scd
1626 971 1802 1071 placuisse
1837 996 1881 1043 ea

134 1098 281 1196 saepius
308 1116 420 1197 atque
447 1098 626 1195 plurimis
654 1116 692 1171 et
716 1096 898 1173 facilitate
925 1118 963 1174 et
989 1100 1162 1197 opinaria
1189 1095 1446 1183 sublimitate,
1472 1091 1662 1193 postremo
1688 1094 1759 1163 illo
1786 1116 1881 1190 quo·

134 1242 227 1315 que,
267 1242 381 1315 quent
426 1218 609 1290 ementita
648 1216 784 1296 essent.
820 1236 857 1291 ct
884 1220 1057 1315 perverso
1094 1218 1248 1317 quidem
1285 1214 1464 1302 consilio,
1500 1214 1689 1287 consensu
1725 1234 1814 1282 curn
1840 1232 1879 1280 re

135 1332 342 1407 christiana.
407 1340 548 1407 Verum
575 1354 619 1407 ut
642 1337 828 1409 librorum
867 1338 1005 1409 talium
1045 1338 1211 1433 aliquem
1238 1332 1350 1409 usum
1374 1336 1550 1408 lubentes
1577 1327 1878 1415 concesserimus,

133 1469 170 1523 ct
196 1449 415 1526 historicum
443 1472 480 1527 et
505 1453 833 1551 philosophicum:
873 1456 1004 1529 nullue
1042 1455 1207 1550 amplius
1239 1452 1311 1527 hac
1348 1449 1471 1529 nostra
1499 1470 1617 1526 aetate
1643 1470 1681 1523 et
1708 1444 1879 1545 philoso-

132 1572 354 1664 phematum
379 1564 537 1645 illorum
563 1590 601 1646 et
626 1570 841 1646 sabularmn
868 1572 969 1670 apud
994 1598 1067 1649 nos
1094 1578 1202 1646 locus
1229 1569 1290 1645 est.

217 1925 277 2005 50)
300 1928 526 1991 Provocabant
549 1928 598 1991 illi
628 1945 736 1993 tamen
766 1952 837 1993 curn
861 1934 963 2019 magi·
1049 1930 1112 1995 Sed
1148 1933 1205 2015 qui
1241 1928 1436 2017 cognoscere
1467 1932 1567 2007 velit,
1597 1950 1692 2015 quam
1720 1929 1879 1990 rationem

132 2025 204 2090 llrie
227 2030 408 2091 Platonicis
429 2029 468 2091 od
492 2030 711 2095 sublimiorem
726 2035 867 2117 aliquem
889 2035 962 2097 Ari·

133 2127 256 2193 stotelie
296 2129 496 2207 doctrinam,
534 2134 742 2221 eiusdemque
773 2134 962 2221 apocrypha

133 2230 290 2315 quaedam
312 2248 540 2296 monumenta:
574 2257 711 2319 quorum
733 2238 962 2322 opportunita-

134 2345 200 2393 tem
223 2332 376 2396 secisleot
396 2332 578 2397 Aristotelia
592 2338 658 2398 loci
671 2340 708 2411 ii,
724 2339 961 2424 quibuel‘lato·

131 2435 181 2497 nia
200 2434 307 2509 ellare,
327 2451 360 2497 et
376 2435 450 2499 suoe
465 2458 547 2521 quoa
564 2438 676 2512 libros,
690 2437 730 2501 de
751 2439 960 2526 philosophia

131 2538 327 2621 praecipue,
352 2554 590 2601 commemorat.
646 2539 718 2617 (cf.
746 2541 895 2605 Brundis.
919 2542 960 2605 de

130 2636 269 2721 perditis
284 2637 376 2701 Arist.
388 2640 480 2701 libris
492 2640 532 2701 de
547 2640 630 2702 ideis
647 2657 680 2703 et
697 2641 737 2705 de
753 2642 850 2706 hono.
869 2644 960 2721 822.)

130 2736 171 2799 ln
212 2738 329 2821 quihus
364 2742 533 2827 praecipui
569 2740 752 2804 exstiterant
785 2743 961 2829 Aristotelis

131 2836 223 2901 xlv.
248 2839 287 2899 de
315 2838 444 2923 mystico
478 2842 715 2925 Aegyptiorum
743 2844 959 2931 philosophia,

32 2984 37 2997 .
131 2957 150 2995 ι
179 2938 383 3021 philosophis
421 2940 581 3001 Arahihue
622 2942 762 3021 primum
799 2942 958 3023 usurpati.

27 3036 43 3063 '
131 3034 301 3115 Illyhicam
315 3036 413 3111 dixit,
438 3038 586 3122 quiaquia
597 3053 826 3119 componeret:
844 3037 961 3119 „quod

131 3140 247 3221 vulgus
281 3134 336 3197 isin
374 3138 545 3223 indignum
580 3134 748 3211 existeret,
782 3158 887 3220 raeque
910 3138 960 3196 in·

131 3240 227 3322 geuio
251 3238 512 3325 attingeret‘⁸ll'
530 3258 558 3299 e.
605 3236 738 3297 Scilicet
764 3238 851 3298 inter
882 3258 961 3323 gen·

131 3340 205 3401 tilea
250 3337 314 3401 sola
347 3362 384 3401 ea
426 3336 619 3425 significatio
663 3338 808 3401 obtinuit
848 3340 959 3411 vocis,

131 3431 309 3525 pecuaria,
334 3442 417 3517 eius,
436 3438 522 3524 quod
544 3438 701 3523 nrp'slcriia
724 3441 958 3505 contineretur.

1047 2034 1215 2095 tenuerint
1246 2031 1373 2095 illarum
1403 2033 1550 2119 gentium
1570 2030 1719 2094 homines
1742 2030 1877 2092 concili·

1046 2132 1123 2197 andi
1158 2134 1352 2218 opiniones,
1390 2150 1425 2197 et
1453 2134 1600 2196 Platonis
1630 2148 1664 2195 et
1695 2130 1876 2193 Aristotelia

1048 2252 1079 2299 et
1102 2238 1271 2301 orientalia
1294 2238 1384 2300 itlius
1397 2234 1645 2322 philosophiae:
1669 2236 1728 2296 vix
1747 2234 1781 2295 id
1803 2233 1876 2317 pos·

1046 2338 1105 2413 sit,
1137 2360 1232 2423 quam
1264 2336 1322 2404 iilo
1355 2339 1441 2402 libro
1477 2338 1595 2401 clarius
1627 2335 1771 2401 edoceri.
1828 2336 1877 2399 Ut

1046 2440 1241 2503 intellectum
1272 2460 1416 2525 agentem
1447 2438 1648 2516 Aristotelia,
1691 2438 1879 2503 Platonico·

1045 2564 1118 2605 rum
1157 2542 1264 2619 idm,
1311 2545 1519 2606 orientalium
1556 2532 1710 2622 λόγον,
1741 2540 1879 2627 perinde
1982 2584 1985 2589 -

1046 2640 1157 2706 hehet.
1228 2645 1291 2707 Sed
1321 2645 1584 2721 memorandum,
1617 2643 1799 2706 doctrinam
1837 2642 1878 2707 do

1047 2735 1139 2825 λόγῳ
1162 2745 1278 2809 divino
1301 2746 1351 2809 isti
1373 2750 1500 2810 auctori
1531 2746 1610 2824 (ro,
1644 2760 1694 2819 17.
1722 2755 1783 2823 ¹4,
1807 2740 1880 2817 2o·)

1045 2864 1105 2928 pro
1122 2846 1325 2927 Babylonica
1347 2848 1474 2907 haberi.
1518 2848 1649 2907 Summe
1671 2844 1819 2909 doctrina
1837 2842 1880 2906 ad

1045 2940 1246 3002 Zoroastrica
1281 2944 1350 3005 sere
1380 2942 1508 3019 decreta
1538 2940 1659 3005 seriore
1689 2942 1792 3018 redit,
1825 2964 1878 3005 ee·

1047 3038 1119 3096 dem
1143 3058 1226 3119 quae
1246 3050 1323 3097 ante
1353 3039 1514 3099 diximus!
1537 3049 1576 3097 ut
1596 3040 1739 3123 fiuguhre
1768 3052 1877 3101 temen

1047 3134 1230 3221 spirituales
1265 3151 1421 3212 naturae,
1466 3158 1549 3221 quae
1582 3159 1624 3203 ex
1653 3136 1683 3200 se
1724 3136 1879 3223 deincep·

1046 3235 1219 3321 prodeant,
1243 3234 1393 3299 dicantur
1416 3236 1488 3300 suae
1510 3236 1689 3303 condidisse
1712 3256 1746 3303 et
1766 3239 1880 3325 sphae-

1047 3360 1097 3402 rae
1120 3354 1153 3401 et
1174 3359 1225 3401 rea
1244 3340 1480 3405 circumiectae.
