4860 5940
340 1210 461 1340 Sunt
489 1253 646 1354 quidam
683 1250 798 1341 libri,
825 1278 848 1327 e
872 1246 1094 1337 christiana,
1129 1266 1175 1323 ut
1210 1248 1388 1348 plurimis
1423 1247 1548 1323 visum
1585 1247 1658 1337 ell,
1695 1251 1924 1351 antiquitate
1949 1252 1998 1329 tul
2022 1282 2093 1333 no·

338 1374 449 1451 stram
477 1392 635 1447 aetatem
674 1372 810 1461 delati,
844 1394 943 1469 quos
971 1372 1160 1443 Herrnetis
1192 1360 1424 1468 Trisrnegisti
1455 1370 1628 1447 nomine.
1656 1373 1752 1443 olim
1786 1372 2017 1473 insignivere
2054 1394 2094 1451 et

337 1495 507 1569 mirabili
534 1512 572 1567 et
606 1492 737 1563 dubio.
816 1494 992 1587 Quorum
1030 1488 1171 1588 singuli
1208 1486 1286 1563 sere
1326 1490 1468 1583 aliqui,
1503 1484 1740 1587 fingularum
1772 1495 1973 1591 praecipue
2000 1520 2093 1591 qua·

338 1613 503 1687 rundam
539 1611 708 1709 partium
746 1608 945 1695 homines,
985 1606 1057 1682 soli
1093 1608 1206 1680 usum
1244 1607 1364 1679 secere
1374 1635 1385 1691 ς
1426 1608 1749 1705 quemadmodum
1782 1611 1828 1682 de
1865 1612 1946 1707 ipso
1974 1616 2092 1687 etiam

338 1734 501 1805 nomine
528 1730 829 1801 Hermeticarum
857 1752 981 1797 rerum
1010 1725 1155 1799 sactum
1190 1722 1250 1797 ell.
1283 1722 1315 1815 ¹)
1369 1728 1441 1799 Sed
1473 1746 1668 1799 merentur
1701 1726 1760 1799 isti
1796 1753 1929 1801 eorum
1955 1728 2088 1813 studia,

228 1842 230 1851 ’
337 1851 406 1947 qui
433 1851 479 1921 de
505 1849 632 1945 prisco
658 1845 754 1919 statu
780 1870 906 1919 rerum
933 1842 1219 1917 christianarum
1247 1861 1455 1939 quaerunt,
1495 1846 1789 1943 censemusque,
1828 1846 1931 1943 polle
1958 1876 2004 1921 ex
2029 1852 2089 1925 his

338 1970 483 2063 aliquas
520 1966 758 2061 suspiciones
797 1965 947 2037 moveri
973 1963 1018 2035 de
1056 1966 1167 2037 rebus
1209 1962 1438 2059 quibusdam
1476 1965 1631 2059 priscis,
1670 1988 1754 2037 non
1780 1966 2089 2061 spernendas,si

339 2088 408 2185 qui
435 2086 484 2159 iis
511 2080 673 2158 insistere
700 2084 913 2156 voluerint:
944 2083 1108 2178 denique
1135 2079 1240 2155 suere
1266 2106 1412 2178 nuper,
1450 2082 1537 2177 qui,
1573 2100 1617 2154 ut
1644 2079 1694 2156 est
1719 2081 1844 2157 nostra
1870 2086 1960 2158 haec
1988 2106 2088 2163 aetas

334 2222 506 2279 veterum
535 2228 660 2275 rerum
688 2202 909 2299 quatumvis
936 2200 1103 2287 curiosa,
1139 2201 1366 2272 memoriam
1401 2200 1517 2273 etiam
1552 2201 1712 2273 illorum
1745 2223 2089 2280 monumentorum

335 2322 553 2418 frequenter
578 2338 801 2417 repeterent.
856 2324 940 2391 'De
981 2320 1041 2393 his
1078 2320 1197 2419 igitur
1230 2319 1340 2391 libris
1380 2343 1569 2414 exponere
1607 2317 1896 2409 constituimus,
1937 2326 2090 2419 qualem

319 2441 451 2513 nobis
488 2440 718 2537 opinionem
746 2436 1106 2510 informaverimus:
1146 2436 1368 2511 contrahere
1404 2456 1532 2509 tamen
1560 2457 1598 2510 et
1624 2440 1687 2513 hic
1713 2440 1891 2512 iubemur
1918 2443 2088 2538 disputa·

335 2561 508 2644 tionem,
536 2582 633 2655 quae
660 2552 881 2653 amplissima
906 2556 1020 2627 nobis
1061 2556 1306 2651 proponitur.

435 2682 488 2749 At
514 2678 610 2748 illud
637 2677 705 2748 vix
733 2671 1114 2748 commemorandum
1141 2674 1264 2747 adhuc
1303 2674 1534 2771 opinamur,
1571 2674 1676 2773 quod
1703 2675 1748 2749 de
1776 2679 1967 2750 Hermetis
2003 2704 2085 2776 per·

335 2796 427 2869 sona
454 2796 616 2868 maiores
643 2790 783 2879 nostri,
820 2790 1015 2889 operosius
1054 2818 1168 2887 quam
1196 2794 1344 2881 sanius,
1383 2795 1674 2889 disputaverint.
1703 2788 1738 2884 2)
1804 2802 1971 2892 Nempe,
2000 2800 2085 2892 quis

334 2915 401 2987 ille
427 2914 565 2991 suerit;
594 2914 704 2981 utin
732 2911 873 2983 veteris
899 2912 1013 2982 etiam
1042 2906 1252 2983 testamenti
1278 2914 1410 2985 codice
1438 2914 1570 2997 illum,
1609 2931 1744 3009 utpote
1771 2934 1916 2997 vatem,
1946 2914 2086 3011 quaest·

331 3043 493 3100 vertant:
522 3038 608 3103 aut,
637 3044 734 3129 parm
761 3020 888 3109 plures
916 3040 996 3084 uno
1023 3018 1252 3095 exlliteffu'tt
1288 3032 1327 3082 et
1351 3026 1518 3083 miratur
1539 3029 1750 3091 utimum
1776 3030 1999 3115 firrrplioitas
2025 3035 2086 3097 in·

334 3143 495 3244 genium
521 3136 714 3221 hominis,
742 3135 852 3206 cauus
880 3149 939 3205 tot
965 3148 1003 3203 et
1029 3126 1241 3203 exstiterint
1268 3130 1365 3205 olim
1393 3128 1549 3228 scripta,
1586 3152 1624 3206 et
1649 3134 1969 3211 circumferantur
1994 3143 2085 3217 late·
2209 3192 2216 3205 .

333 3280 447 3335 entre
475 3258 699 3330 etiamnum.
753 3258 901 3347 Nempe
929 3249 1052 3322 suerat
1079 3248 1176 3321 illud
1194 3248 1385 3322 llermetis
1411 3274 1557 3321 nomen
1578 3253 1701 3341 (Thot
1716 3254 1960 3353 Aegyptiaci)
1978 3251 2011 3349 ³)
2040 3264 2085 3333 de

334 3406 379 3453 eo
407 3379 654 3472 usurpatum,
687 3370 764 3445 live
789 3376 938 3458 Deum,
971 3364 1049 3442 live
1075 3364 1312 3441 sacerdotum
1350 3368 1559 3469 collegium
1583 3360 1620 3463 ⁴)
1647 3368 1846 3461 habueris,
1874 3398 1895 3446 a
1922 3401 2000 3474 quo
2027 3404 2084 3452 ar·

331 3550 537 3573 -1-

422 3664 456 3740 a)
480 3665 533 3725 Sic
558 3685 624 3725 non
647 3662 761 3723 inutili
782 3660 867 3721 libro
887 3657 1050 3741 mysticam
1073 3656 1168 3721 theo·
1252 3658 1414 3742 quibusve
1444 3680 1563 3723 nomen
1592 3660 1706 3725 formis
1727 3660 1903 3740 reddatur,
1935 3686 1995 3750 pro
2018 3688 2084 3731 ma·

334 3770 455 3855 logiam
490 3764 653 3845 descripsit
675 3766 717 3824 E.
741 3764 787 3822 D.
822 3758 1030 3840 colbergius:
1060 3760 1166 3841 ploto-
1251 3758 1347 3847 gillro
1371 3763 1471 3823 etiam
1490 3762 1655 3825 llermetis
1686 3762 1833 3825 babetur.

337 3862 680 3956 atiscli-hermettsches
710 3856 935 3944 Chrissenrhum
956 3890 1001 3903 -
1024 3862 1165 3935 r7roll.
1335 3861 1373 3941 4)
1396 3863 1450 3925 Sic
1472 3862 1652 3926 Iamblicho
1685 3866 1747 3926 ianr
1770 3864 1890 3929 dicitur
1911 3890 2081 3933 commune

422 3969 457 4043 a)
481 3969 613 4031 Conse
635 3965 771 4046 reliquia
797 3961 926 4024 fabric.
949 3961 1036 4023 Bibl.
1060 3963 1116 4025 Gt.
1134 3964 1162 4023 l.
1250 3962 1347 4025 fuisse
1385 3966 1624 4049 Aegyptiorum
1668 3964 1888 4034 sacerdotibus
1931 3972 2082 4035 omnibus

335 4071 386 4151 46.
411 4070 443 4135 ff.
460 4071 550 4131 llarl.
573 4065 720 4127 Brucler.
743 4062 825 4126 utu.
847 4062 905 4148 ph.
918 4064 945 4126 1.
967 4074 1038 4141 e5a.
1052 4062 1086 4125 ss.
1108 4062 1164 4129 Jo-
1247 4057 1378 4147 Ἑρμοῦ
1401 4088 1522 4128 nomen
1536 4056 1629 4141 (θεὸς
1649 4056 1757 4127 ἅπασι
1777 4066 1849 4145 τοῖς
1869 4064 1989 4153 ἱερεῦσι
2014 4090 2081 4133 aas·

337 4171 460 4236 blanski
482 4168 603 4231 Pauth.
633 4170 734 4254 Aeg„
769 4169 897 4253 prolgg.
926 4186 960 4250 p.
993 4163 1046 4247 96.
1078 4162 1167 4227 tter
1252 4156 1320 4239 νός.
1340 4166 1431 4249 myli.
1457 4165 1550 4241 ι.)-
1581 4170 1643 4231 Ille
1657 4170 1723 4233 sine
1746 4170 1846 4234 dubio
1865 4176 1983 4235 mentis
2006 4176 2082 4235 ima·

335 4274 382 4337 lib
403 4272 442 4333 V.
468 4294 493 4331 c.
516 4283 548 4347 5.
1252 4269 1362 4355 giuem
1384 4266 1446 4331 ell'e
1469 4268 1603 4331 censuit.
1647 4272 1755 4335 Novis
1779 4272 1858 4333 illud
1883 4278 2082 4351 argumentis

420 4373 457 4449 3)
482 4374 541 4436 Uti
566 4373 599 4433 in
624 4368 763 4431 Philebo
785 4365 1000 4455 leetlroque
1019 4370 1165 4431 Platonis
1257 4370 1381 4451 llagius
1411 4393 1514 4455 nuper
1545 4370 1655 4434 ell'ecit
1677 4396 1831 4457 novoque
1859 4372 1971 4449 seusu,
1995 4375 2080 4437 libro

336 4472 535 4537 monstratur.
582 4475 620 4536 ln
643 4469 975 4554 llermeticisscriptia
998 4460 1164 4545 Tsattog,
1251 4472 1293 4534 tle
1314 4470 1427 4553 mytho
1460 4488 1616 4535 veterum.

1560 4592 1642 4663 Aa
