4860 5940
1236 62 1293 125 J

1130 348 1488 415 ..η-

434 536 483 612 rte
508 530 604 605 τόνδε
630 531 689 605 riv
717 531 844 629 κόσμον
870 531 1013 627 παρέχει
1047 528 1108 626 τὴν
1145 533 1360 622 ἀπαγγελίαν
1399 539 1447 609 εἰς
1485 532 1682 625 ὃιασοςικὴν
1717 529 1903 627 εὗφημὶαν.
1966 534 2040 605 Vix
2085 539 2185 609 ntus·

433 670 517 724 tum
544 651 703 737 errabit,
732 653 799 747 qui
825 647 891 722 ista
919 651 1101 745 opinetur
1127 649 1279 723 reddere
1306 650 1394 721 Ebr.
1426 674 1459 737 1,
1490 672 1523 736 3.
1554 653 1702 738 (iocum
1730 653 1820 722 alibi
1840 653 1953 724 ctiam
1974 655 2032 726 his
2054 670 2184 725 aucto·

431 770 539 843 ribus
561 765 852 869 significatum)t
882 775 994 865 φέρων
1017 769 1062 839 roi
1089 769 1199 841 πάντα
1227 776 1279 857 τῷ
1306 770 1430 866 piperi
1458 778 1521 863 τῆς
1548 769 1719 865 δυνάμεως
1746 767 1868 843 αὐτοῦ·
1897 770 1945 843 stc
1966 789 2010 845 ut
2026 778 2183 844 Herme-

430 890 482 962 titt
503 886 568 962 ista
595 889 643 961 nd
667 887 904 961 Platonicam
929 888 1039 978 λόγου
1066 887 1291 973 notionem,
1319 911 1476 983 ermque
1498 890 1703 984 propriam,
1731 890 1975 984 respexerint.

536 1007 764 1080 Poeruondri
789 1024 915 1078 nutent
941 1005 1101 1078 nomine
1129 1004 1454 1101 npudPatritiurn
1481 1013 1566 1077 XX.
1594 1007 1686 1080 libri
1706 1007 1797 1079 editi
1816 1008 1915 1095 sunt,
1944 1011 1988 1080 ab
2009 1007 2090 1103 ipso
2105 1009 2184 1084 iam

430 1149 502 1223 pro
529 1127 767 1199 diversorum
792 1142 992 1197 auctorum
1019 1122 1162 1197 libellis
1188 1123 1321 1195 habiti.
1375 1124 1531 1198 sicinus
1560 1124 1682 1196 eidem
1710 1126 1896 1197 tribueret
1922 1132 2010 1199 XIV
2048 1127 2181 1215 libros,

430 1269 526 1342 quos
553 1243 684 1317 edidit.
740 1242 921 1315 Eiusdem
948 1260 1074 1315 tamen
1103 1259 1139 1313 et
1174 1239 1232 1312 isti
1269 1243 1414 1315 scholae
1450 1240 1638 1329 exstitere,
1678 1260 1716 1314 et
1745 1245 1786 1315 in
1816 1246 1991 1319 doctrina
2021 1244 2181 1317 consen·

428 1363 546 1448 tiunt,
575 1380 721 1458 praeter
749 1364 845 1433 duos
865 1361 1004 1447 forsan,
1032 1386 1130 1456 quos
1157 1357 1465 1459 significabimus.
1500 1365 1550 1434 At
1570 1364 1802 1434 Poemondri
1820 1388 1966 1463 nomen
1996 1364 2107 1435 libris
2131 1368 2181 1437 11.

429 1499 466 1554 et
493 1486 572 1553 VII.
602 1480 821 1553 exhibetur:
849 1489 911 1573 τῆς
937 1475 1120 1556 atomus
1147 1486 1226 1557 νοῦς
1254 1480 1417 1559 dieitur,
1457 1483 1523 1576 qui
1550 1482 1622 1551 Dei
1652 1483 1767 1572 ’λόγον
1806 1484 2025 1581 contineat,
2067 1501 2181 1577 atque

429 1604 648 1672 Hermetem
676 1601 841 1671 edoceat.
896 1604 1055 1670 Hermes
1082 1623 1220 1693 nempe
1247 1598 1346 1693 ipse,
1374 1600 1481 1689 λόγος
1507 1600 1574 1669 ille
1600 1598 1797 1672 habendus
1833 1597 1901 1671 est:
1939 1601 2071 1672 divina
2107 1601 2179 1697 igi·

429 1736 491 1789 tur
516 1723 631 1791 Mens
658 1718 886 1789 Poemandri
912 1717 1074 1789 nomine
1100 1712 1263 1801 dicitur,
1307 1717 1417 1788 euius
1462 1715 1704 1789 efficientiam
1743 1725 1874 1818 Logos
1911 1719 2064 1802 reddat,
2101 1718 2179 1814 ipsa

426 1834 571 1908 scilicet
605 1854 828 1907 naturarum
865 1835 1174 1934 intelligentium
1208 1836 1317 1907 ratio.
1366 1840 1465 1906 Sunt
1490 1859 1580 1908 vero
1606 1837 1650 1905 in
1678 1842 1722 1906 L.
1749 1842 1797 1908 11.
1825 1837 1964 1922 initio,
1994 1837 2061 1908 ubi
2087 1842 2180 1907 Poe·

425 1955 583 2026 mandet
609 1971 821 2049 comparet,
856 1972 901 2024 ut
925 1955 969 2025 in
1005 1953 1088 2047 ipso
1124 1955 1356 2025 Poemandri
1393 1955 1575 2039 nomine,
1615 1950 1740 2026 affinia
1774 1956 1899 2052 eliqua
1935 1949 2177 2027 eeclehestico

424 2073 557 2146 libello
593 2097 677 2144 non
715 2072 902 2169 ignobili,
951 2078 1117 2143 Hermae
1155 2063 1315 2168 Pastori.
1344 2063 1393 2169 ³⁰)
1456 2072 1570 2168 Quod
1602 2097 1653 2143 ne
1690 2073 1777 2167 quis
1812 2090 1945 2144 contro
1984 2075 2088 2143 hunc
2121 2069 2179 2142 di·
2288 2154 2295 2167 ι

425 2208 532 2264 otum
559 2193 755 2285 opinetur,
795 2190 1120 2288 quemadmodum
1158 2187 1368 2286 christoph.
1408 2191 1573 2264 sandius
1610 2189 1754 2263 finxisse
1791 2188 1860 2263 sibi
1898 2216 1979 2264 rem
2027 2191 2178 2263 videtur
2256 2280 2261 2287 Ι

426 2311 558 2398 (Nuel.
587 2315 635 2380 H.
664 2314 705 2381 E.
732 2334 771 2405 p.
801 2314 869 2398 56)
884 2337 895 2394 3
924 2309 965 2380 in
989 2309 1219 2381 contrariam
1247 2310 1362 2381 etiam
1390 2329 1538 2405 partem
1564 2309 1746 2382 diximus.
1799 2309 2004 2383 Prosacro
2021 2306 2122 2380 libro
2139 2323 2178 2377 et

424 2427 538 2499 illum
564 2424 731 2501 habuisse
766 2428 922 2500 videtur
960 2423 1026 2501 ista
1053 2427 1203 2516 schola,
1241 2445 1285 2500 ut
1322 2428 1404 2502 eius
1442 2430 1558 2503 etiam
1595 2428 1778 2526 praesidio
1805 2426 1843 2503 se
1877 2429 2032 2503 munire
2065 2420 2173 2499 insti·

425 2550 552 2619 tuerit.

525 2665 647 2757 Libro
669 2670 699 2739 I.
729 2662 816 2764 (περὶ
844 2662 1019 2753 εὗσεβεὲας
1054 2669 1108 2739 καὶ
1138 2669 1376 2760 φιλοσοφίας)
1409 2668 1620 2744 Platonicis
1653 2670 1796 2769 magis,
1836 2669 2011 2766 quisquis
2045 2648 2176 2754 suerit,

424 2804 559 2856 auctor
584 2782 764 2858 formulis
792 2783 956 2873 ususest,
985 2811 1099 2883 quom
1118 2789 1179 2875 iis,
1208 2791 1338 2885 quales
1365 2815 1385 2861 e
1413 2789 1523 2862 sacris
1550 2786 1761 2863 christianis
1789 2768 1976 2862 desumttu
1995 2783 2178 2887 fignifica-

422 2904 563 2974 vimus.
591 2894 642 2988 ³⁹)
704 2902 784 2972 Nist
812 2903 913 2974 sorte
940 2930 976 2995 p.
1005 2925 1029 2993 4
1055 2906 1093 2977 b.
1121 2908 1241 2997 σεμνὴν
1268 2908 1324 2976 καὶ
1353 2909 1446 2985 λεῖον
1483 2908 1558 2978 ὁδὸν
1593 2908 1679 2998 πρὸς
1713 2909 1896 2999 ἄλὴθειαν,
1933 2908 2003 2979 nist
2042 2928 2178 2999 corpo·

422 3019 473 3089 ris
500 3018 560 3087 vis
588 3033 625 3085 et
651 3012 852 3085 difficultas
878 3015 1141 3106 impediverit,
1179 3017 1226 3085 nd
1260 3018 1399 3087 Matth.
1438 3037 1474 3099 7,
1503 3039 1563 3098 ¹3·
1590 3018 1617 3083 s.
1651 3018 1845 3108 respexisse
1879 3022 1996 3101 velis,
2033 3019 2175 3087 scilicet

423 3133 749 3208 contradicturum
776 3131 905 3224 potius
933 3130 1122 3228 evangelii
1148 3130 1258 3202 loco:
1286 3130 1506 3224 ibidemque
1517 3156 1535 3215 ,³
1555 3129 1621 3200 ubi
1647 3128 1694 3199 de
1721 3131 1974 3227 relinquendo
2003 3154 2175 3227 corpore,

421 3254 538 3326 etiam
565 3268 652 3322 ente
679 3267 863 3334 mortem,
890 3251 1043 3321 locutus
1071 3243 1141 3333 esi,
1170 3245 1218 3320 nd
1242 3252 1261 3319 Ι
1288 3247 1389 3319 Tim.
1419 3251 1457 3333 6,
1489 3270 1546 3319 ια.
1576 3272 1611 3332 α,
1639 3264 1676 3338 4,
1705 3269 1752 3336 7:
1788 3254 1918 3341 νοσῆσαι
1955 3248 2013 3319 τὸν
2054 3236 2174 3339 sta-,d-

423 3375 489 3443 νιόν
516 3376 616 3456 βίον,
644 3369 700 3438 καὶ
728 3373 909 3460 νικήσαντα
936 3369 1049 3444 οὕτως
1077 3369 1239 3438 tveiflein.
1293 3366 1365 3437 Sed
1390 3365 1480 3437 sunt
1505 3364 1596 3438 haec
1623 3367 1702 3461 ipsa
1730 3365 1842 3452 talia,
1870 3365 1917 3436 de
1943 3365 2082 3461 quibus
2105 3365 2174 3437 du·

422 3490 515 3562 dum
541 3488 735 3559 monitum
762 3483 811 3559 est
839 3487 884 3557 nb
913 3481 1121 3558 historicis:
1159 3484 1438 3557 Platonismum
1466 3502 1504 3555 et
1540 3483 1618 3580 ipsa
1653 3484 1825 3558 Platonis
1863 3483 2022 3580 scripta,
2058 3503 2102 3556 ut
2128 3484 2174 3557 de

420 3607 614 3704 republica
643 3603 845 3699 postrema,
873 3604 992 3677 iniis
1021 3604 1226 3676 convenire
1254 3597 1474 3675 christianae
1500 3599 1735 3699 disciplinae.

524 3723 805 3823 Cosmogonine
845 3740 972 3794 autem
997 3724 1188 3796 Mosuicae
1214 3720 1441 3794 creberrima
1469 3717 1613 3795 exstant
1638 3721 1680 3795 iu
1708 3719 1770 3793 bis
1796 3720 1908 3793 libris
1920 3715 2099 3819 vestigio,
2127 3739 2171 3792 ut

418 3930 624 3953 —n—

354 4101 365 4113 ·
420 4059 482 4129 τοῦ
506 4058 675 4147 αἰσθητοῦ
698 4056 826 4150 κόσμου
848 4095 892 4110 -
919 4064 1093 4153 legendum
1116 4054 1249 4147 νοητοῦ.
1337 4085 1401 4147 quo
1429 4060 1653 4149 descripserit,
1687 4060 1842 4147 pastorem
1866 4061 1962 4128 fuisse
2001 4062 2172 4124 hominum

418 4170 503 4234 Ntuu
527 4170 681 4231 dicuntur
703 4171 800 4230 etium
812 4171 960 4230 Deorurn
977 4170 1145 4254 imagines,
1170 4189 1249 4251 quor
1334 4169 1468 4231 Deum:
1493 4188 1557 4252 quo
1582 4166 1714 4229 Ursinus
1738 4166 1901 4251 respexit,
1935 4169 1958 4226 l.
1982 4186 2009 4225 c.
2035 4174 2106 4239 ¹48·

419 4271 568 4335 homine·
591 4270 789 4344 conficiant,
823 4269 999 4354 superioria
1032 4292 1140 4332 retum
1162 4269 1249 4331 ordi·
1420 4271 1479 4351 39)
1510 4268 1669 4352 Perqunrn
1712 4270 1876 4352 egregium
1919 4265 2003 4327 liber
2043 4263 2174 4325 senten·

418 4375 471 4435 nir
504 4376 644 4455 usiqumu
667 4372 826 4455 speciem,
862 4373 1019 4447 sormam,
1056 4373 1248 4456 exprimere.
1338 4370 1416 4432 titrn
1440 4373 1625 4455 ptresrtur:
1663 4362 1703 4428 'O
1728 4353 1876 4438 tiotBtit
1900 4356 2009 4449 α”κρως
2031 4355 2172 4441 Φιλοσο-

504 4475 561 4550 38)
592 4475 764 4535 [semotius
798 4472 877 4534 hine
914 4473 1127 4547 arbitramur,
1161 4471 1250 4557 quod
1338 4466 1408 4549 Cri.
1463 4462 1568 4555 Χωρλς
1600 4461 1666 4555 γὰρ
1702 4460 1913 4549 φιλοσοφίας
1942 4456 2052 4553 dupe-5
2083 4450 2173 4527 titos·

419 4596 547 4638 tuream
579 4591 715 4639 aetatem
746 4576 893 4640 Plutonis
922 4575 1081 4638 Politieut
1103 4574 1146 4639 sic
1169 4596 1249 4658 quo·
1333 4568 1441 4656 βῆσσα
1465 4562 1642 4635 ἀδύνατον.
