4860 5940
881 333 1393 412 .-.4-

331 536 382 608 in
408 536 484 607 hoc
509 544 734 631 argumento
762 525 965 624 deligendo
991 522 1061 596 fibi
1087 519 1320 618 potissunum
1344 520 1522 620 placuisse
1546 525 1752 602 videantur
1775 530 1976 604 Platonici.
2031 536 2092 606 Ut

338 655 439 728 libro
466 658 514 723 11.
541 677 579 746 p.
608 671 642 737 5.
669 649 705 718 b.
734 652 820 722 νοῦς·
839 645 990 730 dicitur,
1016 641 1125 714 fuisse
1151 644 1215 740 πρὸ
1244 640 1384 733 φύσεως
1411 641 1539 742 ὑγρᾶς,
1567 654 1630 739 τῆς
1656 649 1692 719 ἐκ
1720 650 1870 727 σκότους
1908 656 2090 747 φανείσης.

339 772 554 864 (Tenebrae
592 766 781 838 Mosaieae
818 762 865 835 ad
903 765 1025 835 Chaos
1061 754 1281 833 referuntur
1315 762 1359 835 in
1393 763 1550 860 reliquls
1588 767 1703 839 etiam
1728 767 1870 841 horum
1894 769 2092 843 librorum

338 894 457 977 locis,
487 889 556 985 qui
583 884 876 981 cosmogoniam
901 882 1008 952 illam
1035 879 1348 979 persequuntur.)
1403 883 1542 956 Omnia
1569 902 1716 972 autem,
1750 912 1847 983 quae
1882 906 1969 959 tum
1995 888 2091 971 iam.

337 1012 402 1084 sed
429 1005 588 1080 confusa
614 1023 652 1075 et
678 1021 851 1073 contecta
887 997 1116 1084 exstiterint,
1163 1019 1355 1072 commota
1389 999 1499 1073 fuisse
1536 1004 1590 1072 inl
1625 1003 1685 1075 τὸν
1722 1005 1962 1102 ἐπιφερόμενον
1987 1037 2091 1078 avro-

338 1128 481 1227 μανικὸν
509 1127 612 1214 λόγον
641 1118 747 1218 (nam
773 1121 881 1210 λόγος
916 1137 953 1189 et
988 1119 1050 1189 hic
1084 1118 1228 1190 mentis
1264 1115 1461 1191 efficientia
1496 1122 1737 1216 appellatur).
1796 1126 1930 1197 Verbis
1969 1128 2092 1199 etiam

339 1245 481 1340 ἔκφερ’
464 1270 578 1339 ομενον
605 1241 702 1311 illud
728 1243 858 1335 πνεῦμα
884 1232 1006 1309 reddit
1032 1242 1126 1309 Gen.
1157 1262 1191 1323 1,
1220 1261 1255 1309 a.
1291 1239 1440 1310 Eodem
1464 1240 1630 1336 librop.
1659 1246 1695 1313 6.
1722 1265 1775 1315 a.:
1766 1244 1861 1339 drap
1879 1247 2014 1317 πετεινὰ
2036 1282 2091 1300 -

338 1363 601 1457 διακεχᾶιρισται
627 1398 679 1412 -
714 1364 823 1449 ηγῆ
852 1357 1007 1450 ἐξήνεγκε
1049 1392 1101 1408 -
1158 1361 1262 1429 Deus
1309 1358 1509 1429 hominem
1554 1357 1802 1431 condidit
1764 1369 1863 1451 αυτῷ
1892 1360 2009 1458 ὅμοιον
2034 1400 2092 1419 -

336 1484 432 1567 rell„
459 1474 668 1575 planissime
695 1475 879 1547 Geneseos
905 1478 1011 1547 locos
1039 1475 1271 1569 exprimunt.
1299 1514 1351 1528 —
1384 1478 1469 1549 Lib.
1495 1483 1563 1563 111,
1591 1504 1628 1573 p.
1658 1499 1694 1567 3.
1717 1479 1753 1550 b.
1778 1474 1816 1574 ἧν
1840 1482 1963 1559 σκότος
1989 1482 2090 1554 ἔπει·

338 1631 394 1698 ρον
423 1603 454 1669 ἐν
477 1595 640 1684 dsiccar,
668 1625 724 1663 και
714 1593 833 1688 υδιαρ
850 1623 906 1663 και
939 1597 1138 1689 πνεῦμα-
1165 1593 1346 1690 invitare*
1327 1624 1409 1666 οντα
1439 1598 1470 1666 ἓν
1497 1597 1596 1688 χάει,
1635 1615 1674 1668 et
1709 1623 1805 1694 quae
1831 1595 1911 1671 istic
1935 1600 2089 1699 reliqua

336 1713 492 1790 exstent.
546 1712 758 1816 Novimus,
796 1734 1043 1783 communem
1069 1709 1177 1784 fuisse
1202 1709 1309 1783 istam
1336 1712 1506 1787 ecclefiae
1532 1717 1647 1787 etiam
1673 1734 1825 1810 patrum
1848 1719 2090 1816 allegoriam,

337 1860 455 1932 aquae
482 1850 520 1904 et
546 1830 724 1926 spiritus,
751 1830 966 1901 eMosaica
992 1826 1146 1901 historia
1173 1831 1348 1904 ductam.
1375 1834 1437 1904 sed
1470 1833 1764 1906 memorandum
1796 1831 1865 1922 est,
1902 1838 2088 1913 ethnicis·

335 1979 402 2026 ιιιο
428 1976 520 2023 vero
557 1947 905 2035 accommodatum,
943 1950 1057 2020 chaos
1092 1945 1221 2022 nostro
1258 1949 1417 2023 describi
1461 1976 1708 2026 communem
1744 1957 1945 2051 utriusque
1977 1957 2089 2032 illius

209 2122 215 2129 -
337 2074 543 2171 originem.
570 2106 622 2122 -
673 2069 781 2139 Talia
806 2068 908 2139 libro
935 2072 1039 2139 XIII.
1068 2069 1182 2140 etiam
1207 2069 1397 2142 uberrime
1419 2070 1702 2158 describuntur;
1729 2070 1798 2161 stc,
1825 2092 1870 2145 ut
1886 2099 1906 2146 e
1923 2075 2087 2150 Timaeo

203 2274 211 2285 ι
336 2214 489 2289 quoque
514 2186 684 2285 singulae
709 2184 895 2283 quaedam
920 2186 1109 2284 imagines
1137 2188 1408 2286 adiungantur.
1470 2191 1597 2264 Verbo
1637 2191 1771 2264 divino
1807 2194 1960 2265 condita
2001 2220 2089 2268 om·

334 2312 401 2382 nia
425 2333 498 2378 -ι
536 2304 606 2377 εἷπε
633 2306 689 2376 καὶ
709 2300 748 2399 ἦν
765 2342 819 2361 -
854 2308 992 2402 διέκρινε
1016 2304 1098 2376 rell.
1132 2342 1185 2358 -
1235 2307 1411 2404 Denique
1444 2309 1546 2383 libro
1582 2312 1680 2396 XX„
1715 2311 1865 2407 qualem
1899 2312 2090 2389 Patritius

337 2426 529 2511 confecit,
555 2442 748 2510 extremo,
775 2448 853 2521 quo
879 2421 1052 2521 exegefin
1078 2423 1194 2495 etiam
1220 2406 1417 2497 Mosaieae
1434 2426 1701 2523 descriptionis
1728 2430 1913 2501 exhibuit.

441 2546 512 2616 Sed
550 2545 769 2616 accedemus
805 2545 852 2615 ad
888 2540 1034 2639 singula
1068 2544 1141 2613 alia
1176 2566 1304 2615 rerum
1340 2541 1626 2617 christianarum
1652 2541 1828 2646 vestigia,
1868 2573 1938 2643 per
1962 2549 2087 2624 libros

333 2658 423 2737 istos
451 2662 585 2758 sparsa.
628 2662 749 2751 0Λγινς
763 2661 864 2749 θεός,
890 2661 1096 2755 repetitum
1121 2668 1169 2733 11.
1198 2686 1243 2757 e..
1271 2658 1407 2734 Ursino
1445 2664 1559 2734 etiam
1594 2664 1671 2736 huc
1705 2682 1806 2737 recte
1831 2665 2085 2740 referebatur:

334 2782 598 2854 Tiedemanno
620 2778 745 2874 ipsum
765 2780 874 2865 illud,
901 2774 1077 2860 αὖθινιὶα,
1095 2804 1167 2874 pro
1181 2776 1361 2873 αὐθέντης.
1397 2783 1618 2853 Formusam
1636 2799 1763 2853 autem
1784 2782 1968 2919 imaginis
1984 2785 2087 2860 divi·

332 2924 419 2988 nae,
447 2922 600 2995 quame
623 2888 755 2969 Genesi
767 2896 930 2968 sumtam
947 2898 1065 2969 modo
1083 2895 1355 2991 descripsimus,
1382 2898 1537 2971 uberius
1556 2897 1715 2971 subinde
1734 2899 1796 2971 sed
1806 2903 1922 2988 varie,
1950 2923 2087 2975 auctor

333 3012 547 3086 illustravit.
587 3012 719 3090 Reddi
748 3012 812 3092 ait,
839 3012 1009 3080 homrme
1020 3029 1157 3080 natura
1175 3014 1301 3081 Deum
1319 3035 1364 3082 eo
1383 3008 1629 3102 potislimum,
1660 3017 1817 3106 quodin
1835 3019 1918 3111 ipso
1935 3021 2014 3091 vita
2036 3018 2089 3095 fit

332 3148 448 3225 atque
474 3128 606 3196 lumen
635 3121 724 3217 (ζωὴ
753 3120 809 3189 καὶ
839 3120 950 3210 φας),
984 3108 1039 3210 40)
1080 3117 1239 3206 deinde,
1286 3123 1393 3217 quod
1428 3120 1542 3219 ipsiua
1578 3143 1752 3200 naturam
1781 3150 1918 3205 cuncta
1953 3139 2088 3232 expri-

333 3263 462 3331 mant,
492 3241 743 3335 omniumque
770 3232 930 3333 potestas
959 3239 1071 3326 (πᾶσα
1103 3238 1262 3330 ἐξουσία)
1289 3238 1360 3335 ipsi
1386 3242 1471 3315 data
1497 3241 1553 3316 sit.
1616 3250 1662 3319 Ῑιι
1696 3247 1757 3320 his
1791 3267 1919 3323 autem
1942 3251 2088 3349 postre-

332 3365 408 3436 mis
444 3361 570 3457 aliqua
598 3357 751 3442 insunt,
779 3382 826 3427 ex
852 3357 900 3427 it<
928 3353 1085 3429 forsitan
1121 3362 1171 3429 N.
1210 3363 1255 3428 T.
1291 3358 1389 3433 locis
1428 3362 1565 3449 ducta,
1600 3389 1695 3459 quae
1728 3366 1856 3461 ipsum
1892 3371 2086 3451 Christum
2204 3364 2208 3371 .

332 3484 490 3578 eiusque
517 3473 737 3573 potestatem
764 3474 988 3546 describant.
1017 3475 1106 3546 Fuit
1132 3499 1173 3547 ea
1212 3472 1479 3569 Gnosticorum
1505 3505 1660 3578 quoque
1685 3485 1794 3566 ratio,
1822 3510 1988 3583 quorum
2015 3497 2086 3569 ali·

334 3600 402 3696 qui
430 3594 712 3688 (Valentiniani
737 3587 988 3689 potissimum)
1023 3593 1201 3667 homines
1228 3592 1364 3668 Christi
1398 3600 1487 3671 loco
1514 3599 1755 3690 habuerunt,
1809 3604 1865 3678 ita
1890 3626 1935 3680 ut
1969 3638 2084 3709 ararn-

334 3724 407 3815 ρίαν
434 3712 571 3787 mundi
598 3710 740 3784 efficere
766 3710 828 3782 illi
854 3704 1127 3784 dicerentur.
1132 3708 1164 3803 ¹)
1227 3710 1493 3788 Gnosticorum
1532 3720 1647 3791 etiam
1672 3720 1773 3793 illud
1798 3720 1946 3812 exstitit,
1975 3735 2084 3824 quod

333 3834 435 3931 apud
460 3827 631 3903 nostrum
658 3829 820 3925 legitur,
850 3826 917 3900 esse
944 3830 1123 3904 homines
1151 3831 1468 3907 convertendos
1455 3860 1499 3907 ιιι
1527 3838 1747 3935 δυνάμειςρ.
1775 3842 1845 3929 7b.
1858 3845 1944 3933 (Τό.
1931 3848 2085 3938 ειᾶξει

333 3957 534 4049 ιἰνέρχονται
562 3947 649 4045 πρὸς
677 3946 736 4019 τὸν
767 3950 916 4044 πατέρα,
952 3948 1007 4018 καὶ
1044 3944 1144 4021 αὐτοὶ
1182 3956 1232 4028 εἰς
1266 3950 1422 4049 δυνάμεις
1448 3954 1594 4034 ἑαυτοὺς
1621 3960 1862 4054 παραδιδόασι,
1900 3965 1955 4033 καὶ
1983 3968 2082 4037 δυνά-

332 4137 540 4162 m

418 4271 479 4355 40)
501 4274 547 4334 Et
566 4270 631 4332 hoc
653 4267 746 4331 sensu
768 4269 818 4330 ish
831 4287 956 4334 auctori
947 4272 1164 4333 usitatissima
1335 4273 1396 4354 41)
1418 4275 1513 4337 Talia
1535 4278 1646 4355 etiam,
1670 4302 1753 4350 cum,
1775 4282 1942 4350 honinem
1965 4287 2084 4356 divina

331 4376 502 4439 veteribus
528 4375 667 4436 formula
699 4371 888 4433 adhibetur:
922 4365 1167 4458 ἂρρενοξιῆλυς
1252 4392 1350 4460 atque
1381 4377 1522 4440 humana
1553 4398 1667 4444 natura
1702 4385 1877 4449 coniuncta
1914 4389 2080 4472 constitui,
2190 4432 2197 4451 ·

334 4464 422 4549 θεός
446 4473 602 4556 Orphieia
624 4472 751 4536 Phanea
770 4473 809 4533 sic
828 4473 1005 4538 dictuaest.
1029 4479 1166 4541 Valche·
1251 4476 1354 4557 dicit,
1377 4479 1505 4567 Asclep.
1525 4484 1611 4561 ab,
1630 4483 1720 4547 tlibi.

332 4600 401 4641 ιιιιι.
426 4573 468 4635 de
489 4573 628 4637 Aristob.
650 4574 724 4637 Iud.
746 4600 780 4661 p.
797 4586 850 4654 80.
