4860 5940
1076 316 1466 389 -16-.

383 550 431 599 ex
458 546 538 597 aere
564 546 642 618 quo
668 517 747 616 ipsa
774 516 810 591 se
836 520 910 591 Dei
935 518 995 591 vis
1022 518 1182 596 exserat.
1211 519 1399 605 animam,
1427 542 1475 590 ex
1500 518 1570 591 hac
1595 535 1788 609 mentem,
1814 521 2012 612 devenire,
2040 548 2135 598 cen·

387 643 463 717 seat
470 670 485 730 3
511 660 682 715 mentem
710 657 838 711 autem
863 638 940 712 suis
968 639 1003 710 se
1028 638 1090 710 his
1116 638 1319 734 principiis
1346 638 1473 710 denuo
1499 638 1700 738 coniungi.

487 796 574 867 Lib.
603 800 666 865 VI.
696 792 768 883 (ὅτι
804 794 835 863 ἐν
865 791 955 888 μόνῳ
983 800 1053 881 θεῷ
1078 794 1118 863 τὸ
1152 791 1303 882 ἀγαθόν)
1338 817 1376 886 p.
1407 809 1455 884 14
1479 792 1518 863 b.
1553 795 1721 889 πλήρωμα
1742 798 1823 866 ,τοῦ
1849 796 1933 865 θεοῦ
1969 793 2066 865 dicit
2093 794 2137 865 ri

386 916 536 1007 ἀγαθόν,
564 914 658 983 dum
683 912 853 982 mundus
879 914 1049 1007 πλήρωμα
1071 917 1133 1003 τῆς
1153 916 1276 988 κακίας
1300 909 1357 982 stt.
1437 914 1596 1007 Duplex
1632 937 1674 983 ea
1709 909 1883 985 obtinere
1907 913 2061 986 videtur
2088 910 2140 985 ael

385 1032 676 1107 christianorum
711 1030 824 1099 usum
860 1029 1144 1121 συγκατίβασις,
1181 1046 1219 1101 et
1253 1054 1349 1101 voce
1383 1031 1553 1127 πλήρωμα
1591 1032 1667 1119 (ex
1703 1028 1867 1126 epistolis
1894 1033 2061 1103 maxime
2089 1030 2141 1101 ad

386 1152 565 1247 Ephesios
592 1168 629 1221 et
657 1146 919 1239 Colossenses)
947 1140 1000 1238 ⁴²)
1029 1167 1066 1219 et
1093 1148 1263 1219 adhibito
1299 1150 1388 1220 loco
1415 1155 1516 1220 110.
1545 1171 1591 1236 5,
1623 1174 1689 1244 19:
1718 1154 1735 1220 d
1765 1152 1892 1245 κόσμος
1918 1153 1949 1219 ἐν
1991 1158 2043 1238 τῷ
2077 1178 2140 1221 rr·

384 1280 474 1365 νγρῷ
502 1276 620 1340 κεῖται.
702 1274 878 1340 Ceterum
913 1269 979 1363 qui
1017 1265 1066 1338 stc
1097 1269 1295 1364 loquatur,
1334 1292 1417 1338 non
1456 1267 1663 1339 censendus
1703 1265 1751 1340 est
1787 1269 2044 1340 contradicere
2072 1268 2137 1349 iis,

387 1414 481 1485 quae
506 1390 574 1458 lib.
602 1393 665 1459 IV.
694 1413 731 1481 p.
763 1411 808 1459 ro
837 1386 873 1457 b.
898 1387 1099 1483 leguntur:
1126 1411 1210 1457 non
1238 1384 1307 1457 elle
1329 1389 1474 1457 malum
1490 1387 1704 1473 mundum,
1732 1387 1806 1458 Dei
1833 1387 1974 1484 quippe
1995 1384 2139 1474 hlium,

384 1508 447 1579 sed
473 1508 683 1578 hominem.
711 1496 765 1593 43)
842 1505 1039 1575 Nimirum
1086 1505 1174 1576 sunt
1210 1506 1274 1577 illa
1313 1505 1489 1576 orientali
1523 1505 1788 1601 philosophiae
1822 1504 2013 1602 oppofita:
2051 1502 2162 1579 istic-

296 1656 305 1683 ·
385 1624 553 1697 mundus
579 1625 721 1695 biblico
749 1620 962 1721 significatu
989 1623 1034 1694 de
1061 1623 1108 1696 iis
1136 1623 1357 1711 adhibetur,
1385 1649 1480 1721 qnae
1507 1625 1618 1696 sacris
1648 1600 1819 1718 opposita
1844 1623 1927 1695 lint.

490 1776 560 1849 Sed
586 1776 682 1847 liber
707 1782 789 1847 VII.
817 1777 965 1873 integer
992 1801 1039 1846 ex
1064 1770 1134 1847 isto
1173 1800 1310 1874 genere
1337 1771 1405 1862 est,
1443 1778 1549 1872 quo'd
1584 1775 1696 1848 sacris
1736 1776 1884 1872 scriptis
1923 1793 2053 1847 utatur
2088 1776 2139 1847 ad

386 1897 629 1995 peregrinam
655 1895 813 1966 causam.
840 1885 895 1984 ⁴⁴)
959 1893 1043 1989 Ipsa
1077 1895 1170 1966 illuc
1197 1895 1398 1988 inscriptio
1425 1897 1611 1990 pertinet:
1649 1897 1680 1965 ἐν
1707 1892 1773 1989 ὄρει
1800 1895 2025 1989 ἀπόκρυφον,
2050 1898 2139 1968 n'on

386 2041 429 2088 ea
456 2017 504 2086 ad
528 2032 759 2085 montanum
785 2011 868 2083 Iesu
896 2014 1107 2085 sermonem
1132 2010 1346 2097 referenda,
1383 2012 1444 2084 sed
1472 2015 1519 2085 ad
1544 2006 1889 2109 metamorphosin,
1925 2013 1989 2084 eui
2015 2013 2148 2085 oralia·

386 2134 608 2207 traditionis
636 2118 827 2229 originem
853 2133 1079 2227 plerumque
1107 2131 1368 2229 adiungebant
1392 2133 1436 2202 in
1463 2133 1619 2228 antiqua
1646 2109 1807 2216 ecclesa,
1836 2132 1903 2226 qui
1928 2133 2026 2205 hanc
2051 2150 2142 2203 tue·

386 2270 528 2323 rentur.
605 2252 803 2325 Nimirum
828 2249 912 2322 Iesu
946 2254 1034 2324 loco
1062 2255 1222 2324 Hermes
1257 2247 1338 2322 istic
1376 2247 1519 2346 pofitus
1546 2247 1616 2335 est,
1656 2275 1795 2346 quem,
1831 2268 1875 2320 ut
1902 2250 1937 2322 se
1963 2252 2140 2337 edoceat,

386 2370 595 2466 discipulus
630 2388 764 2468 rogat,
817 2370 882 2466 πρὸ
919 2375 981 2440 τοῦ
1017 2369 1148 2465 κόσμου
1186 2370 1517 2464 ἂσαλλστρισῦσθαι.
1596 2375 1736 2439 Verum
1773 2385 1810 2439 et
1844 2363 2062 2464 quaestione
2097 2384 2140 2441 et

388 2490 647 2585 disputatione
672 2495 885 2560 Ioanneum
911 2487 1008 2559 illud
1034 2512 1066 2561 c.
1097 2509 1131 2575 3.
1158 2460 1331 2559 imitatus
1359 2482 1418 2558 est.
1480 2485 1572 2584 Agit
1597 2487 1665 2558 illa
1691 2486 1737 2558 de
1763 2510 1831 2572 eo,
1860 2487 1953 2582 quid
1977 2486 2040 2573 fit,
2070 2512 2144 2562 ne·
2185 2484 2194 2501 '

386 2607 536 2678 minem
574 2617 720 2701 σωθῆναι
747 2608 813 2703 πρὸ
841 2614 903 2699 τῆς
939 2606 1221 2697 relinquente„
1259 2606 1456 2677 Nimirum
1481 2607 1626 2677 natales
1663 2605 1835 2678 hominis
1871 2604 1940 2677 elle
1966 2630 1987 2676 e
2013 2604 2140 2693 bono,

387 2750 434 2796 ex
460 2726 543 2820 ipso
570 2731 675 2797 Deo:
713 2724 840 2797 denno
868 2724 989 2822 igitur
1014 2723 1119 2794 nasci
1146 2723 1271 2818 ipsum
1298 2722 1367 2811 sic,
1404 2740 1449 2794 ut
1483 2724 1609 2794 bonus
1649 2724 1782 2795 evadat
1817 2740 1930 2818 atque
1968 2725 2140 2812 divinus,

386 2863 426 2915 et
452 2844 621 2915 ἀθάνατον
647 2842 772 2914 sumat
798 2848 909 2935 σῶμα.
964 2847 1049 2913 Ηοσ
1069 2842 1200 2937 1ἰρίιισιι
1229 2842 1323 2918 ἔλεος
1349 2842 1571 2936 appellatur.
1626 2841 1697 2912 Sed
1723 2863 1811 2910 cum
1839 2842 1988 2933 ἐλεγθείς
2010 2842 2141 2939 ἅνθρω-

387 2990 452 3033 πος
480 2959 693 3048 opponitur
720 2961 919 3037 ἐνδιαθέτῳ,
946 2957 1030 3026 idea
1056 2955 1148 3027 haec
1173 2956 1344 3029 hominis
1371 2956 1450 3028 fine
1475 2956 1593 3028 dubio
1615 2957 1767 3043 dicitur,
1794 2956 1975 3053 adquam
2000 2954 2146 3032 instau-

386 3092 490 3147 ratus
517 3070 665 3155 redeat,
693 3066 761 3163 qui
788 3061 953 3159 οὗσιὼδγς
978 3063 1097 3137 homo
1124 3068 1167 3138 in
1194 3066 1368 3183 Asplepio
1396 3070 1547 3137 dicitur.
1576 3063 1630 3158 ⁴³)
1674 3070 1677 3075 ’
1705 3072 1864 3141 Exstant
1887 3077 1951 3143 hic
1976 3092 2014 3143 et
2041 3077 2145 3151 aliae

387 3198 423 3267 S.
453 3199 487 3264 S.
515 3188 723 3271 formulae,
752 3202 795 3255 ut
819 3185 1018 3281 θελήματος
1043 3187 1146 3263 θεοῦ,
1183 3184 1327 3277 λογικῆς
1350 3190 1496 3263 θυσίας,
1524 3180 1739 3282 ὑστερήματα
1759 3189 1995 3287 ἂναπληρσῦν,
2023 3193 2142 3267 aliae:

389 3330 427 3384 et
453 3312 646 3384 summum
673 3323 801 3377 tamen
829 3318 1099 3401 argumentum
1125 3327 1145 3373 e
1172 3303 1382 3399 gentilium
1413 3302 1536 3375 sacris.

491 3445 599 3517 Talia
627 3464 780 3540 quoque
806 3435 910 3511 affini
934 3436 1068 3510 libello
1097 3437 1365 3528 continentur,
1391 3442 1491 3515 VIIL
1520 3437 1595 3529 (ὅτι
1622 3441 1784 3537 μέγιστον
1808 3441 1912 3513 κακὸν
1930 3442 1950 3539 sy
1966 3444 2038 3544 περ)
2060 3448 2143 3521 θεὸν

387 3638 593 3659 *ιι-ι·-

474 3768 533 3847 qe)
555 3766 673 3850 Neque
697 3764 784 3825 enirn
806 3761 861 3823 hic
888 3761 1140 3825 Valentinianus
1162 3758 1219 3822 ha·
1307 3760 1374 3822 sum
1396 3762 1465 3825 sere
1487 3760 1642 3825 mundum
1664 3762 1798 3840 dicunt,
1827 3779 1956 3849 praeter
1982 3766 2049 3842 11.,
2081 3771 2144 3853 qui

388 3870 514 3937 handus
538 3866 580 3930 est
602 3864 676 3929 usur.¹
699 3884 725 3927 ν.
748 3855 930 3949 πλήρωμα.
974 3865 1019 3927 At
1040 3863 1169 3924 obtinet
1192 3862 1219 3925 ir
1301 3854 1410 3943 λόγον
1433 3863 1526 3925 dicit.

390 3978 426 4039 in
449 3973 589 4037 oraculis
611 3966 839 4042 zoroastricis,
862 3988 895 4052 p.
926 3984 956 4045 9.
980 3965 1031 4025 b·:
1062 3958 1220 4045 (ψυχή)
1392 3965 1450 4044 44)
1481 3964 1587 4028 Potest
1617 3969 1644 4028 ia
1667 3965 1860 4029 nostratibus
1890 3969 1989 4029 etiam
2018 3990 2143 4057 magno

389 4070 482 4161 ἴσχει
527 4064 657 4157 κόσμου
709 4059 825 4130 πολλὰ
876 4057 1090 4152 πληρώματα
1143 4056 1222 4124 κόλ·
1307 4066 1421 4129 haberi
1444 4073 1613 4151 exemplo,
1637 4060 1718 4153 quid
1739 4067 1797 4141 stt,
1830 4068 2015 4155 dogmatum
2037 4076 2144 4135 eccle·

389 4200 474 4247 wo,
1306 4167 1500 4231 finllicorum
1530 4166 1655 4231 sensum
1688 4170 1853 4234 invertere
1879 4169 2140 4257 philosophandi

474 4282 534 4363 43)
566 4264 641 4341 Οὔκ
672 4264 802 4357 aynan
824 4266 840 4336 d
863 4263 995 4357 κόσμος
1021 4256 1135 4345 ὑλικὸς
1155 4258 1220 4355 γάρ
1306 4273 1421 4358 gratia.
1659 4266 1663 4287 ’

390 4404 452 4451 etc.
473 4416 517 4430 -
561 4368 613 4444 Οὗ
646 4368 747 4453 κακὸς
776 4370 828 4451 δὲ,
865 4364 907 4450 ὡς
927 4364 1107 4447 ἀθάνατος·
1139 4364 1155 4432 ὁ
1186 4364 1222 4431 δὲ
1391 4373 1450 4451 45)
1473 4357 1766 4456 Οὖσιώδηςαοῦτσ
1790 4374 1814 4434 i.
1836 4394 1868 4456 q.
1892 4360 1997 4447 tidhas
2018 4374 2145 4463 signifi·

369 4476 568 4569 ,ἅνθρωπος
590 4475 645 4545 καί
677 4472 717 4557 ὡς
746 4468 894 4563 κινγτὸς,
929 4470 985 4535 καὶ
1017 4464 1058 4548 ὡς
1086 4462 1220 4557 θνητὸς,
1308 4490 1379 4552 cat,
1416 4475 1455 4537 ab
1498 4461 1612 4549 οὐσίας
1646 4477 1784 4538 notione
1817 4476 2006 4539 Platonicae
2049 4495 2143 4542 reete

389 4578 503 4665 κακός.
522 4618 566 4632 -
611 4588 671 4649 Dei
686 4584 792 4675 filium
815 4603 833 4646 e
855 4580 990 4643 Platone
1013 4576 1150 4641 bilibri
1172 4577 1222 4661 ip·
1306 4592 1461 4641 monente
1483 4570 1706 4640 Tiedemanno
1731 4580 1753 4640 l.
1777 4598 1805 4639 c.
1828 4575 1881 4658 64.
